timestamp,symbol,price,volume,bid,ask,bid_volume,ask_volume,trade_type
2024-01-01 09:30:00,GOOGL,2500.0,677,2499.98,2500.02,139,456,trade
2024-01-01 09:30:01,GOOGL,2499.99,130,2499.97,2500.01,483,255,trade
2024-01-01 09:30:02,GOOGL,2499.99,793,2499.98,2500.0,233,296,trade
2024-01-01 09:30:03,GOOGL,2499.98,364,2499.97,2499.99,414,103,trade
2024-01-01 09:30:04,GOOGL,2499.97,951,2499.97,2499.98,261,334,trade
2024-01-01 09:30:05,GOOGL,2499.96,879,2499.96,2499.97,339,270,trade
2024-01-01 09:30:06,GOOGL,2499.97,491,2499.96,2499.99,223,364,trade
2024-01-01 09:30:07,GOOGL,2499.96,437,2499.94,2499.97,139,174,trade
2024-01-01 09:30:08,GOOGL,2499.96,277,2499.96,2499.97,280,310,trade
2024-01-01 09:30:09,GOOGL,2499.98,398,2499.96,2499.99,281,286,trade
2024-01-01 09:30:10,GOOGL,2499.99,405,2499.97,2500.0,393,255,trade
2024-01-01 09:30:11,GOOGL,2499.98,714,2499.97,2499.98,220,394,trade
2024-01-01 09:30:12,GOOGL,2499.98,516,2499.96,2499.99,480,135,trade
2024-01-01 09:30:13,GOOGL,2499.96,940,2499.94,2499.99,110,292,trade
2024-01-01 09:30:14,GOOGL,2499.97,855,2499.96,2499.99,332,273,trade
2024-01-01 09:30:15,GOOGL,2499.99,390,2499.98,2499.99,322,426,trade
2024-01-01 09:30:16,GOOGL,2499.98,939,2499.96,2500.0,356,448,trade
2024-01-01 09:30:17,GOOGL,2499.98,795,2499.96,2500.0,422,404,trade
2024-01-01 09:30:18,GOOGL,2499.98,344,2499.97,2500.0,324,327,trade
2024-01-01 09:30:19,GOOGL,2499.98,559,2499.96,2500.0,446,421,trade
2024-01-01 09:30:20,GOOGL,2499.98,143,2499.96,2499.99,215,122,trade
2024-01-01 09:30:21,GOOGL,2499.98,279,2499.97,2499.99,444,103,trade
2024-01-01 09:30:22,GOOGL,2499.96,766,2499.95,2499.97,421,127,trade
2024-01-01 09:30:23,GOOGL,2499.97,224,2499.95,2499.99,419,344,trade
2024-01-01 09:30:24,GOOGL,2499.97,884,2499.97,2499.98,121,178,trade
2024-01-01 09:30:25,GOOGL,2499.97,937,2499.96,2499.98,114,430,trade
2024-01-01 09:30:26,GOOGL,2499.97,169,2499.95,2499.98,412,218,trade
2024-01-01 09:30:27,GOOGL,2499.95,411,2499.94,2499.96,245,164,trade
2024-01-01 09:30:28,GOOGL,2499.95,616,2499.94,2499.96,146,451,trade
2024-01-01 09:30:29,GOOGL,2499.95,538,2499.94,2499.97,401,494,trade
2024-01-01 09:30:30,GOOGL,2499.96,653,2499.94,2499.97,428,458,trade
2024-01-01 09:30:31,GOOGL,2499.95,689,2499.95,2499.96,214,124,trade
2024-01-01 09:30:32,GOOGL,2499.94,471,2499.92,2499.96,108,232,trade
2024-01-01 09:30:33,GOOGL,2499.95,962,2499.94,2499.95,227,320,trade
2024-01-01 09:30:34,GOOGL,2499.94,294,2499.94,2499.95,341,272,trade
2024-01-01 09:30:35,GOOGL,2499.93,975,2499.91,2499.95,439,383,trade
2024-01-01 09:30:36,GOOGL,2499.93,965,2499.91,2499.94,109,143,trade
2024-01-01 09:30:37,GOOGL,2499.92,746,2499.91,2499.93,283,373,trade
2024-01-01 09:30:38,GOOGL,2499.91,148,2499.9,2499.93,274,236,trade
2024-01-01 09:30:39,GOOGL,2499.92,271,2499.9,2499.94,288,131,trade
2024-01-01 09:30:40,GOOGL,2499.91,147,2499.89,2499.93,288,164,trade
2024-01-01 09:30:41,GOOGL,2499.9,143,2499.87,2499.92,481,105,trade
2024-01-01 09:30:42,GOOGL,2499.9,475,2499.89,2499.9,323,165,trade
2024-01-01 09:30:43,GOOGL,2499.9,817,2499.88,2499.91,443,333,trade
2024-01-01 09:30:44,GOOGL,2499.88,572,2499.87,2499.89,174,185,trade
2024-01-01 09:30:45,GOOGL,2499.87,300,2499.86,2499.88,232,130,trade
2024-01-01 09:30:46,GOOGL,2499.88,285,2499.87,2499.9,174,299,trade
2024-01-01 09:30:47,GOOGL,2499.89,684,2499.87,2499.91,189,493,trade
2024-01-01 09:30:48,GOOGL,2499.88,261,2499.86,2499.9,444,404,trade
2024-01-01 09:30:49,GOOGL,2499.88,668,2499.86,2499.91,264,295,trade
2024-01-01 09:30:50,GOOGL,2499.9,906,2499.88,2499.91,468,305,trade
2024-01-01 09:30:51,GOOGL,2499.92,382,2499.9,2499.93,357,436,trade
2024-01-01 09:30:52,GOOGL,2499.92,601,2499.9,2499.93,273,178,trade
2024-01-01 09:30:53,GOOGL,2499.92,616,2499.92,2499.93,353,359,trade
2024-01-01 09:30:54,GOOGL,2499.93,552,2499.91,2499.95,111,343,trade
2024-01-01 09:30:55,GOOGL,2499.94,463,2499.92,2499.95,414,245,trade
2024-01-01 09:30:56,GOOGL,2499.94,878,2499.93,2499.95,472,246,trade
2024-01-01 09:30:57,GOOGL,2499.96,597,2499.94,2499.97,216,116,trade
2024-01-01 09:30:58,GOOGL,2499.97,496,2499.95,2499.98,316,272,trade
2024-01-01 09:30:59,GOOGL,2499.97,294,2499.96,2499.98,329,240,trade
2024-01-01 09:31:00,GOOGL,2499.96,780,2499.94,2499.98,427,101,trade
2024-01-01 09:31:01,GOOGL,2499.97,489,2499.94,2499.99,412,326,trade
2024-01-01 09:31:02,GOOGL,2499.96,928,2499.94,2499.98,268,445,trade
2024-01-01 09:31:03,GOOGL,2499.96,892,2499.94,2499.98,396,209,trade
2024-01-01 09:31:04,GOOGL,2499.96,650,2499.95,2499.97,265,499,trade
2024-01-01 09:31:05,GOOGL,2499.95,972,2499.94,2499.96,471,410,trade
2024-01-01 09:31:06,GOOGL,2499.94,753,2499.93,2499.95,437,328,trade
2024-01-01 09:31:07,GOOGL,2499.95,750,2499.93,2499.96,403,141,trade
2024-01-01 09:31:08,GOOGL,2499.94,106,2499.92,2499.96,288,367,trade
2024-01-01 09:31:09,GOOGL,2499.92,406,2499.91,2499.93,416,131,trade
2024-01-01 09:31:10,GOOGL,2499.92,398,2499.9,2499.95,140,399,trade
2024-01-01 09:31:11,GOOGL,2499.92,637,2499.91,2499.93,265,200,trade
2024-01-01 09:31:12,GOOGL,2499.92,399,2499.91,2499.93,294,273,trade
2024-01-01 09:31:13,GOOGL,2499.91,930,2499.89,2499.93,356,266,trade
2024-01-01 09:31:14,GOOGL,2499.91,555,2499.89,2499.93,380,220,trade
2024-01-01 09:31:15,GOOGL,2499.91,505,2499.89,2499.93,365,169,trade
2024-01-01 09:31:16,GOOGL,2499.91,262,2499.9,2499.93,333,425,trade
2024-01-01 09:31:17,GOOGL,2499.94,903,2499.93,2499.95,496,115,trade
2024-01-01 09:31:18,GOOGL,2499.96,740,2499.96,2499.97,203,223,trade
2024-01-01 09:31:19,GOOGL,2499.96,844,2499.94,2499.97,475,475,trade
2024-01-01 09:31:20,GOOGL,2499.96,257,2499.95,2499.97,486,316,trade
2024-01-01 09:31:21,GOOGL,2499.94,460,2499.94,2499.95,386,151,trade
2024-01-01 09:31:22,GOOGL,2499.95,521,2499.93,2499.97,333,335,trade
2024-01-01 09:31:23,GOOGL,2499.94,155,2499.93,2499.95,140,427,trade
2024-01-01 09:31:24,GOOGL,2499.95,170,2499.93,2499.97,146,141,trade
2024-01-01 09:31:25,GOOGL,2499.95,184,2499.94,2499.96,264,410,trade
2024-01-01 09:31:26,GOOGL,2499.96,510,2499.93,2499.98,185,471,trade
2024-01-01 09:31:27,GOOGL,2499.97,268,2499.95,2499.99,492,447,trade
2024-01-01 09:31:28,GOOGL,2499.98,577,2499.96,2500.0,135,487,trade
2024-01-01 09:31:29,GOOGL,2499.96,410,2499.95,2499.98,201,254,trade
2024-01-01 09:31:30,GOOGL,2499.96,630,2499.94,2499.98,180,422,trade
2024-01-01 09:31:31,GOOGL,2499.97,951,2499.95,2499.98,350,446,trade
2024-01-01 09:31:32,GOOGL,2499.97,936,2499.95,2499.99,328,137,trade
2024-01-01 09:31:33,GOOGL,2499.94,687,2499.92,2499.97,406,112,trade
2024-01-01 09:31:34,GOOGL,2499.94,316,2499.93,2499.96,329,235,trade
2024-01-01 09:31:35,GOOGL,2499.95,771,2499.93,2499.96,233,494,trade
2024-01-01 09:31:36,GOOGL,2499.96,215,2499.95,2499.97,406,318,trade
2024-01-01 09:31:37,GOOGL,2499.95,551,2499.93,2499.97,210,201,trade
2024-01-01 09:31:38,GOOGL,2499.95,967,2499.93,2499.96,160,244,trade
2024-01-01 09:31:39,GOOGL,2499.93,416,2499.91,2499.94,242,442,trade
2024-01-01 09:31:40,GOOGL,2499.92,824,2499.9,2499.94,256,412,trade
2024-01-01 09:31:41,GOOGL,2499.92,525,2499.89,2499.94,486,182,trade
2024-01-01 09:31:42,GOOGL,2499.91,870,2499.9,2499.92,296,235,trade
2024-01-01 09:31:43,GOOGL,2499.92,618,2499.92,2499.93,253,125,trade
2024-01-01 09:31:44,GOOGL,2499.91,744,2499.89,2499.94,436,256,trade
2024-01-01 09:31:45,GOOGL,2499.92,737,2499.91,2499.92,441,456,trade
2024-01-01 09:31:46,GOOGL,2499.92,803,2499.9,2499.94,206,266,trade
2024-01-01 09:31:47,GOOGL,2499.91,282,2499.9,2499.92,368,113,trade
2024-01-01 09:31:48,GOOGL,2499.91,120,2499.89,2499.93,365,187,trade
2024-01-01 09:31:49,GOOGL,2499.91,186,2499.89,2499.93,257,272,trade
2024-01-01 09:31:50,GOOGL,2499.91,900,2499.9,2499.93,391,245,trade
2024-01-01 09:31:51,GOOGL,2499.89,269,2499.87,2499.91,324,408,trade
2024-01-01 09:31:52,GOOGL,2499.87,636,2499.86,2499.89,487,309,trade
2024-01-01 09:31:53,GOOGL,2499.86,619,2499.84,2499.87,447,115,trade
2024-01-01 09:31:54,GOOGL,2499.86,215,2499.85,2499.86,254,228,trade
2024-01-01 09:31:55,GOOGL,2499.85,273,2499.83,2499.87,263,161,trade
2024-01-01 09:31:56,GOOGL,2499.86,283,2499.83,2499.88,243,458,trade
2024-01-01 09:31:57,GOOGL,2499.86,785,2499.84,2499.87,424,309,trade
2024-01-01 09:31:58,GOOGL,2499.84,746,2499.81,2499.86,263,411,trade
2024-01-01 09:31:59,GOOGL,2499.83,437,2499.82,2499.85,109,122,trade
2024-01-01 09:32:00,GOOGL,2499.82,629,2499.81,2499.83,368,455,trade
2024-01-01 09:32:01,GOOGL,2499.81,270,2499.8,2499.82,417,187,trade
2024-01-01 09:32:02,GOOGL,2499.82,679,2499.8,2499.84,497,106,trade
2024-01-01 09:32:03,GOOGL,2499.81,279,2499.79,2499.83,367,475,trade
2024-01-01 09:32:04,GOOGL,2499.81,603,2499.78,2499.83,494,466,trade
2024-01-01 09:32:05,GOOGL,2499.82,984,2499.82,2499.83,370,173,trade
2024-01-01 09:32:06,GOOGL,2499.8,528,2499.78,2499.82,129,481,trade
2024-01-01 09:32:07,GOOGL,2499.8,232,2499.78,2499.81,471,167,trade
2024-01-01 09:32:08,GOOGL,2499.79,848,2499.79,2499.8,304,496,trade
2024-01-01 09:32:09,GOOGL,2499.79,884,2499.78,2499.8,352,312,trade
2024-01-01 09:32:10,GOOGL,2499.79,789,2499.77,2499.82,273,365,trade
2024-01-01 09:32:11,GOOGL,2499.79,640,2499.78,2499.8,364,388,trade
2024-01-01 09:32:12,GOOGL,2499.8,833,2499.8,2499.81,492,184,trade
2024-01-01 09:32:13,GOOGL,2499.84,547,2499.83,2499.84,401,123,trade
2024-01-01 09:32:14,GOOGL,2499.83,991,2499.8,2499.85,364,230,trade
2024-01-01 09:32:15,GOOGL,2499.82,631,2499.8,2499.84,230,352,trade
2024-01-01 09:32:16,GOOGL,2499.84,947,2499.83,2499.85,490,207,trade
2024-01-01 09:32:17,GOOGL,2499.84,186,2499.83,2499.85,463,398,trade
2024-01-01 09:32:18,GOOGL,2499.84,637,2499.83,2499.86,129,398,trade
2024-01-01 09:32:19,GOOGL,2499.82,424,2499.81,2499.84,117,357,trade
2024-01-01 09:32:20,GOOGL,2499.84,987,2499.82,2499.86,283,175,trade
2024-01-01 09:32:21,GOOGL,2499.82,141,2499.81,2499.84,467,288,trade
2024-01-01 09:32:22,GOOGL,2499.81,246,2499.8,2499.82,484,198,trade
2024-01-01 09:32:23,GOOGL,2499.81,576,2499.79,2499.84,484,400,trade
2024-01-01 09:32:24,GOOGL,2499.83,378,2499.81,2499.85,283,416,trade
2024-01-01 09:32:25,GOOGL,2499.83,122,2499.81,2499.85,281,453,trade
2024-01-01 09:32:26,GOOGL,2499.81,255,2499.8,2499.82,177,375,trade
2024-01-01 09:32:27,GOOGL,2499.81,135,2499.79,2499.82,452,378,trade
2024-01-01 09:32:28,GOOGL,2499.81,305,2499.79,2499.84,173,336,trade
2024-01-01 09:32:29,GOOGL,2499.83,563,2499.81,2499.84,498,124,trade
2024-01-01 09:32:30,GOOGL,2499.83,271,2499.8,2499.85,460,455,trade
2024-01-01 09:32:31,GOOGL,2499.83,805,2499.81,2499.85,201,251,trade
2024-01-01 09:32:32,GOOGL,2499.84,278,2499.81,2499.86,133,172,trade
2024-01-01 09:32:33,GOOGL,2499.83,130,2499.81,2499.84,210,314,trade
2024-01-01 09:32:34,GOOGL,2499.82,794,2499.81,2499.84,373,296,trade
2024-01-01 09:32:35,GOOGL,2499.84,359,2499.83,2499.85,281,459,trade
2024-01-01 09:32:36,GOOGL,2499.82,533,2499.8,2499.84,267,124,trade
2024-01-01 09:32:37,GOOGL,2499.84,261,2499.82,2499.85,356,116,trade
2024-01-01 09:32:38,GOOGL,2499.84,569,2499.83,2499.85,161,312,trade
2024-01-01 09:32:39,GOOGL,2499.85,140,2499.84,2499.86,331,244,trade
2024-01-01 09:32:40,GOOGL,2499.86,211,2499.83,2499.88,445,235,trade
2024-01-01 09:32:41,GOOGL,2499.85,182,2499.83,2499.87,478,200,trade
2024-01-01 09:32:42,GOOGL,2499.85,251,2499.84,2499.86,401,223,trade
2024-01-01 09:32:43,GOOGL,2499.87,320,2499.86,2499.87,149,134,trade
2024-01-01 09:32:44,GOOGL,2499.86,724,2499.84,2499.88,119,428,trade
2024-01-01 09:32:45,GOOGL,2499.85,662,2499.84,2499.85,260,176,trade
2024-01-01 09:32:46,GOOGL,2499.84,159,2499.83,2499.85,226,463,trade
2024-01-01 09:32:47,GOOGL,2499.83,756,2499.82,2499.84,185,217,trade
2024-01-01 09:32:48,GOOGL,2499.82,472,2499.8,2499.84,397,385,trade
2024-01-01 09:32:49,GOOGL,2499.83,812,2499.82,2499.83,384,288,trade
2024-01-01 09:32:50,GOOGL,2499.82,532,2499.8,2499.85,388,380,trade
2024-01-01 09:32:51,GOOGL,2499.8,388,2499.79,2499.81,130,174,trade
2024-01-01 09:32:52,GOOGL,2499.82,273,2499.81,2499.83,265,173,trade
2024-01-01 09:32:53,GOOGL,2499.83,119,2499.81,2499.84,494,192,trade
2024-01-01 09:32:54,GOOGL,2499.83,741,2499.81,2499.86,417,121,trade
2024-01-01 09:32:55,GOOGL,2499.83,102,2499.8,2499.85,461,144,trade
2024-01-01 09:32:56,GOOGL,2499.82,144,2499.8,2499.84,228,497,trade
2024-01-01 09:32:57,GOOGL,2499.83,112,2499.81,2499.84,280,225,trade
2024-01-01 09:32:58,GOOGL,2499.83,357,2499.82,2499.83,342,158,trade
2024-01-01 09:32:59,GOOGL,2499.84,241,2499.82,2499.86,454,188,trade
2024-01-01 09:33:00,GOOGL,2499.86,297,2499.85,2499.86,400,236,trade
2024-01-01 09:33:01,GOOGL,2499.86,474,2499.85,2499.88,493,276,trade
2024-01-01 09:33:02,GOOGL,2499.86,898,2499.85,2499.88,417,338,trade
2024-01-01 09:33:03,GOOGL,2499.88,858,2499.87,2499.88,189,395,trade
2024-01-01 09:33:04,GOOGL,2499.87,130,2499.86,2499.88,209,327,trade
2024-01-01 09:33:05,GOOGL,2499.86,967,2499.85,2499.87,406,322,trade
2024-01-01 09:33:06,GOOGL,2499.86,246,2499.84,2499.88,328,465,trade
2024-01-01 09:33:07,GOOGL,2499.86,356,2499.85,2499.87,433,293,trade
2024-01-01 09:33:08,GOOGL,2499.86,206,2499.85,2499.88,158,412,trade
2024-01-01 09:33:09,GOOGL,2499.86,822,2499.85,2499.88,107,385,trade
2024-01-01 09:33:10,GOOGL,2499.87,638,2499.85,2499.89,208,394,trade
2024-01-01 09:33:11,GOOGL,2499.87,667,2499.87,2499.88,270,467,trade
2024-01-01 09:33:12,GOOGL,2499.86,917,2499.85,2499.88,439,137,trade
2024-01-01 09:33:13,GOOGL,2499.86,356,2499.85,2499.86,394,250,trade
2024-01-01 09:33:14,GOOGL,2499.84,346,2499.83,2499.85,132,447,trade
2024-01-01 09:33:15,GOOGL,2499.85,946,2499.83,2499.87,434,331,trade
2024-01-01 09:33:16,GOOGL,2499.86,363,2499.85,2499.88,281,310,trade
2024-01-01 09:33:17,GOOGL,2499.87,256,2499.85,2499.9,246,174,trade
2024-01-01 09:33:18,GOOGL,2499.88,625,2499.86,2499.9,356,322,trade
2024-01-01 09:33:19,GOOGL,2499.89,891,2499.88,2499.9,320,314,trade
2024-01-01 09:33:20,GOOGL,2499.9,632,2499.89,2499.91,378,408,trade
2024-01-01 09:33:21,GOOGL,2499.89,685,2499.87,2499.91,439,326,trade
2024-01-01 09:33:22,GOOGL,2499.89,106,2499.86,2499.91,285,463,trade
2024-01-01 09:33:23,GOOGL,2499.88,317,2499.87,2499.89,310,326,trade
2024-01-01 09:33:24,GOOGL,2499.89,777,2499.87,2499.91,114,205,trade
2024-01-01 09:33:25,GOOGL,2499.9,735,2499.89,2499.9,469,291,trade
2024-01-01 09:33:26,GOOGL,2499.89,162,2499.87,2499.91,310,115,trade
2024-01-01 09:33:27,GOOGL,2499.9,899,2499.87,2499.92,107,440,trade
2024-01-01 09:33:28,GOOGL,2499.9,250,2499.87,2499.92,489,464,trade
2024-01-01 09:33:29,GOOGL,2499.9,778,2499.88,2499.93,284,423,trade
2024-01-01 09:33:30,GOOGL,2499.9,584,2499.89,2499.91,412,284,trade
2024-01-01 09:33:31,GOOGL,2499.9,883,2499.89,2499.91,257,162,trade
2024-01-01 09:33:32,GOOGL,2499.91,442,2499.89,2499.93,403,217,trade
2024-01-01 09:33:33,GOOGL,2499.91,460,2499.9,2499.93,249,450,trade
2024-01-01 09:33:34,GOOGL,2499.92,135,2499.9,2499.93,470,456,trade
2024-01-01 09:33:35,GOOGL,2499.92,815,2499.92,2499.93,470,187,trade
2024-01-01 09:33:36,GOOGL,2499.94,355,2499.92,2499.96,397,201,trade
2024-01-01 09:33:37,GOOGL,2499.94,186,2499.93,2499.95,130,212,trade
2024-01-01 09:33:38,GOOGL,2499.95,221,2499.94,2499.95,470,263,trade
2024-01-01 09:33:39,GOOGL,2499.94,430,2499.92,2499.96,139,453,trade
2024-01-01 09:33:40,GOOGL,2499.92,319,2499.91,2499.93,247,462,trade
2024-01-01 09:33:41,GOOGL,2499.94,400,2499.92,2499.96,338,441,trade
2024-01-01 09:33:42,GOOGL,2499.93,458,2499.91,2499.94,160,338,trade
2024-01-01 09:33:43,GOOGL,2499.93,749,2499.91,2499.95,456,300,trade
2024-01-01 09:33:44,GOOGL,2499.91,618,2499.9,2499.92,220,174,trade
2024-01-01 09:33:45,GOOGL,2499.92,454,2499.91,2499.93,115,295,trade
2024-01-01 09:33:46,GOOGL,2499.92,472,2499.91,2499.93,126,200,trade
2024-01-01 09:33:47,GOOGL,2499.92,418,2499.91,2499.94,204,492,trade
2024-01-01 09:33:48,GOOGL,2499.93,191,2499.91,2499.95,477,294,trade
2024-01-01 09:33:49,GOOGL,2499.93,672,2499.92,2499.93,420,203,trade
2024-01-01 09:33:50,GOOGL,2499.92,874,2499.92,2499.93,391,370,trade
2024-01-01 09:33:51,GOOGL,2499.92,388,2499.9,2499.95,408,203,trade
2024-01-01 09:33:52,GOOGL,2499.93,989,2499.91,2499.95,445,477,trade
2024-01-01 09:33:53,GOOGL,2499.91,768,2499.9,2499.93,371,285,trade
2024-01-01 09:33:54,GOOGL,2499.93,274,2499.92,2499.94,349,294,trade
2024-01-01 09:33:55,GOOGL,2499.92,176,2499.9,2499.93,376,307,trade
2024-01-01 09:33:56,GOOGL,2499.91,338,2499.9,2499.93,201,417,trade
2024-01-01 09:33:57,GOOGL,2499.92,676,2499.91,2499.93,204,147,trade
2024-01-01 09:33:58,GOOGL,2499.93,619,2499.91,2499.96,303,350,trade
2024-01-01 09:33:59,GOOGL,2499.94,825,2499.92,2499.96,100,226,trade
2024-01-01 09:34:00,GOOGL,2499.94,949,2499.92,2499.95,300,487,trade
2024-01-01 09:34:01,GOOGL,2499.94,795,2499.93,2499.96,249,399,trade
2024-01-01 09:34:02,GOOGL,2499.93,682,2499.91,2499.95,343,222,trade
2024-01-01 09:34:03,GOOGL,2499.94,815,2499.93,2499.96,325,477,trade
2024-01-01 09:34:04,GOOGL,2499.95,474,2499.94,2499.97,260,246,trade
2024-01-01 09:34:05,GOOGL,2499.97,349,2499.95,2499.98,133,447,trade
2024-01-01 09:34:06,GOOGL,2499.96,304,2499.94,2499.98,394,293,trade
2024-01-01 09:34:07,GOOGL,2499.99,957,2499.97,2500.0,395,320,trade
2024-01-01 09:34:08,GOOGL,2499.98,889,2499.95,2500.0,155,363,trade
2024-01-01 09:34:09,GOOGL,2499.98,246,2499.98,2499.99,493,257,trade
2024-01-01 09:34:10,GOOGL,2499.98,324,2499.97,2500.0,306,273,trade
2024-01-01 09:34:11,GOOGL,2499.98,910,2499.96,2500.0,282,452,trade
2024-01-01 09:34:12,GOOGL,2499.96,532,2499.95,2499.98,430,133,trade
2024-01-01 09:34:13,GOOGL,2499.97,731,2499.96,2499.98,326,338,trade
2024-01-01 09:34:14,GOOGL,2499.96,339,2499.94,2499.98,244,392,trade
2024-01-01 09:34:15,GOOGL,2499.97,264,2499.94,2499.99,323,272,trade
2024-01-01 09:34:16,GOOGL,2499.97,112,2499.95,2499.99,380,362,trade
2024-01-01 09:34:17,GOOGL,2499.97,608,2499.96,2499.98,367,286,trade
2024-01-01 09:34:18,GOOGL,2499.96,295,2499.94,2499.98,267,407,trade
2024-01-01 09:34:19,GOOGL,2499.97,568,2499.95,2499.99,347,288,trade
2024-01-01 09:34:20,GOOGL,2499.96,493,2499.95,2499.97,243,128,trade
2024-01-01 09:34:21,GOOGL,2499.95,730,2499.94,2499.96,385,481,trade
2024-01-01 09:34:22,GOOGL,2499.96,377,2499.95,2499.98,390,201,trade
2024-01-01 09:34:23,GOOGL,2499.96,460,2499.95,2499.97,100,268,trade
2024-01-01 09:34:24,GOOGL,2499.97,168,2499.94,2499.99,200,360,trade
2024-01-01 09:34:25,GOOGL,2499.98,685,2499.97,2499.99,291,277,trade
2024-01-01 09:34:26,GOOGL,2499.98,802,2499.96,2500.0,441,485,trade
2024-01-01 09:34:27,GOOGL,2499.99,121,2499.97,2500.01,136,265,trade
2024-01-01 09:34:28,GOOGL,2499.98,672,2499.96,2500.0,428,388,trade
2024-01-01 09:34:29,GOOGL,2500.01,227,2499.99,2500.02,391,196,trade
2024-01-01 09:34:30,GOOGL,2500.0,954,2499.98,2500.02,199,333,trade
2024-01-01 09:34:31,GOOGL,2500.01,495,2500.0,2500.01,292,184,trade
2024-01-01 09:34:32,GOOGL,2499.99,561,2499.96,2500.01,193,112,trade
2024-01-01 09:34:33,GOOGL,2499.97,907,2499.96,2499.98,193,135,trade
2024-01-01 09:34:34,GOOGL,2499.97,761,2499.97,2499.98,364,254,trade
2024-01-01 09:34:35,GOOGL,2499.98,354,2499.97,2499.99,417,487,trade
2024-01-01 09:34:36,GOOGL,2499.97,719,2499.95,2499.99,146,144,trade
2024-01-01 09:34:37,GOOGL,2499.98,917,2499.95,2500.0,362,202,trade
2024-01-01 09:34:38,GOOGL,2499.99,670,2499.97,2500.0,309,411,trade
2024-01-01 09:34:39,GOOGL,2499.99,547,2499.98,2500.0,243,291,trade
2024-01-01 09:34:40,GOOGL,2499.99,666,2499.98,2500.0,236,246,trade
2024-01-01 09:34:41,GOOGL,2500.0,813,2499.99,2500.0,276,483,trade
2024-01-01 09:34:42,GOOGL,2500.0,158,2499.99,2500.02,328,279,trade
2024-01-01 09:34:43,GOOGL,2500.01,892,2499.99,2500.04,442,372,trade
2024-01-01 09:34:44,GOOGL,2500.01,639,2499.99,2500.03,391,427,trade
2024-01-01 09:34:45,GOOGL,2500.02,291,2500.0,2500.04,420,361,trade
2024-01-01 09:34:46,GOOGL,2500.01,273,2499.99,2500.04,269,348,trade
2024-01-01 09:34:47,GOOGL,2500.01,897,2499.99,2500.03,135,244,trade
2024-01-01 09:34:48,GOOGL,2500.02,688,2500.01,2500.03,156,276,trade
2024-01-01 09:34:49,GOOGL,2500.01,288,2500.0,2500.03,424,489,trade
2024-01-01 09:34:50,GOOGL,2500.02,299,2500.01,2500.02,208,274,trade
2024-01-01 09:34:51,GOOGL,2500.01,968,2499.99,2500.04,219,187,trade
2024-01-01 09:34:52,GOOGL,2500.04,908,2500.02,2500.07,288,186,trade
2024-01-01 09:34:53,GOOGL,2500.05,893,2500.04,2500.05,343,152,trade
2024-01-01 09:34:54,GOOGL,2500.06,248,2500.04,2500.07,335,285,trade
2024-01-01 09:34:55,GOOGL,2500.04,263,2500.02,2500.07,255,243,trade
2024-01-01 09:34:56,GOOGL,2500.05,525,2500.04,2500.06,431,100,trade
2024-01-01 09:34:57,GOOGL,2500.07,841,2500.04,2500.09,191,208,trade
2024-01-01 09:34:58,GOOGL,2500.07,852,2500.06,2500.08,281,352,trade
2024-01-01 09:34:59,GOOGL,2500.07,208,2500.04,2500.09,271,352,trade
2024-01-01 09:35:00,GOOGL,2500.08,677,2500.06,2500.1,131,380,trade
2024-01-01 09:35:01,GOOGL,2500.09,956,2500.07,2500.1,159,400,trade
2024-01-01 09:35:02,GOOGL,2500.08,665,2500.05,2500.1,176,428,trade
2024-01-01 09:35:03,GOOGL,2500.08,442,2500.07,2500.1,498,308,trade
2024-01-01 09:35:04,GOOGL,2500.09,105,2500.07,2500.1,274,461,trade
2024-01-01 09:35:05,GOOGL,2500.09,268,2500.07,2500.11,232,208,trade
2024-01-01 09:35:06,GOOGL,2500.09,291,2500.07,2500.11,131,185,trade
2024-01-01 09:35:07,GOOGL,2500.08,811,2500.07,2500.09,216,429,trade
2024-01-01 09:35:08,GOOGL,2500.08,967,2500.07,2500.09,324,291,trade
2024-01-01 09:35:09,GOOGL,2500.07,659,2500.05,2500.09,352,284,trade
2024-01-01 09:35:10,GOOGL,2500.07,500,2500.05,2500.09,499,152,trade
2024-01-01 09:35:11,GOOGL,2500.08,927,2500.06,2500.1,372,119,trade
2024-01-01 09:35:12,GOOGL,2500.08,691,2500.06,2500.11,179,363,trade
2024-01-01 09:35:13,GOOGL,2500.1,637,2500.09,2500.1,228,276,trade
2024-01-01 09:35:14,GOOGL,2500.1,980,2500.08,2500.11,407,118,trade
2024-01-01 09:35:15,GOOGL,2500.11,455,2500.1,2500.13,374,403,trade
2024-01-01 09:35:16,GOOGL,2500.1,641,2500.1,2500.11,123,259,trade
2024-01-01 09:35:17,GOOGL,2500.1,403,2500.08,2500.12,287,344,trade
2024-01-01 09:35:18,GOOGL,2500.11,253,2500.1,2500.13,444,235,trade
2024-01-01 09:35:19,GOOGL,2500.11,701,2500.09,2500.14,287,389,trade
2024-01-01 09:35:20,GOOGL,2500.13,864,2500.13,2500.14,473,380,trade
2024-01-01 09:35:21,GOOGL,2500.12,401,2500.1,2500.14,293,373,trade
2024-01-01 09:35:22,GOOGL,2500.11,315,2500.09,2500.13,443,306,trade
2024-01-01 09:35:23,GOOGL,2500.14,466,2500.12,2500.16,183,429,trade
2024-01-01 09:35:24,GOOGL,2500.14,832,2500.13,2500.15,135,422,trade
2024-01-01 09:35:25,GOOGL,2500.16,907,2500.14,2500.17,322,411,trade
2024-01-01 09:35:26,GOOGL,2500.15,950,2500.14,2500.16,322,169,trade
2024-01-01 09:35:27,GOOGL,2500.16,349,2500.15,2500.16,211,230,trade
2024-01-01 09:35:28,GOOGL,2500.16,176,2500.15,2500.17,136,239,trade
2024-01-01 09:35:29,GOOGL,2500.16,317,2500.15,2500.17,422,119,trade
2024-01-01 09:35:30,GOOGL,2500.16,525,2500.14,2500.18,137,345,trade
2024-01-01 09:35:31,GOOGL,2500.17,876,2500.17,2500.18,407,435,trade
2024-01-01 09:35:32,GOOGL,2500.18,103,2500.17,2500.19,268,153,trade
2024-01-01 09:35:33,GOOGL,2500.17,658,2500.14,2500.19,332,179,trade
2024-01-01 09:35:34,GOOGL,2500.18,296,2500.16,2500.2,462,289,trade
2024-01-01 09:35:35,GOOGL,2500.18,642,2500.16,2500.2,181,202,trade
2024-01-01 09:35:36,GOOGL,2500.17,447,2500.16,2500.19,427,238,trade
2024-01-01 09:35:37,GOOGL,2500.17,378,2500.17,2500.18,409,119,trade
2024-01-01 09:35:38,GOOGL,2500.18,694,2500.16,2500.21,255,124,trade
2024-01-01 09:35:39,GOOGL,2500.17,919,2500.15,2500.19,157,335,trade
2024-01-01 09:35:40,GOOGL,2500.17,495,2500.15,2500.19,320,455,trade
2024-01-01 09:35:41,GOOGL,2500.19,219,2500.18,2500.19,285,297,trade
2024-01-01 09:35:42,GOOGL,2500.17,361,2500.15,2500.19,211,297,trade
2024-01-01 09:35:43,GOOGL,2500.19,886,2500.18,2500.2,171,475,trade
2024-01-01 09:35:44,GOOGL,2500.18,796,2500.17,2500.19,381,272,trade
2024-01-01 09:35:45,GOOGL,2500.19,182,2500.17,2500.21,111,389,trade
2024-01-01 09:35:46,GOOGL,2500.19,820,2500.16,2500.21,242,185,trade
2024-01-01 09:35:47,GOOGL,2500.2,514,2500.19,2500.21,268,206,trade
2024-01-01 09:35:48,GOOGL,2500.2,759,2500.19,2500.21,348,465,trade
2024-01-01 09:35:49,GOOGL,2500.18,348,2500.16,2500.21,445,396,trade
2024-01-01 09:35:50,GOOGL,2500.2,317,2500.18,2500.22,112,393,trade
2024-01-01 09:35:51,GOOGL,2500.2,680,2500.19,2500.21,471,366,trade
2024-01-01 09:35:52,GOOGL,2500.21,665,2500.19,2500.22,289,401,trade
2024-01-01 09:35:53,GOOGL,2500.23,719,2500.22,2500.24,152,422,trade
2024-01-01 09:35:54,GOOGL,2500.25,739,2500.23,2500.26,364,328,trade
2024-01-01 09:35:55,GOOGL,2500.25,827,2500.23,2500.27,225,418,trade
2024-01-01 09:35:56,GOOGL,2500.24,423,2500.22,2500.26,259,207,trade
2024-01-01 09:35:57,GOOGL,2500.23,422,2500.22,2500.25,472,111,trade
2024-01-01 09:35:58,GOOGL,2500.24,397,2500.23,2500.24,456,376,trade
2024-01-01 09:35:59,GOOGL,2500.25,245,2500.24,2500.26,166,308,trade
2024-01-01 09:36:00,GOOGL,2500.26,148,2500.24,2500.28,109,320,trade
2024-01-01 09:36:01,GOOGL,2500.26,780,2500.25,2500.27,253,156,trade
2024-01-01 09:36:02,GOOGL,2500.27,471,2500.25,2500.29,317,265,trade
2024-01-01 09:36:03,GOOGL,2500.27,668,2500.26,2500.28,124,191,trade
2024-01-01 09:36:04,GOOGL,2500.27,921,2500.27,2500.28,243,240,trade
2024-01-01 09:36:05,GOOGL,2500.28,452,2500.26,2500.29,330,125,trade
2024-01-01 09:36:06,GOOGL,2500.28,565,2500.26,2500.3,455,433,trade
2024-01-01 09:36:07,GOOGL,2500.29,165,2500.27,2500.3,302,491,trade
2024-01-01 09:36:08,GOOGL,2500.28,368,2500.26,2500.3,268,335,trade
2024-01-01 09:36:09,GOOGL,2500.29,865,2500.28,2500.29,160,464,trade
2024-01-01 09:36:10,GOOGL,2500.3,853,2500.29,2500.31,181,113,trade
2024-01-01 09:36:11,GOOGL,2500.3,496,2500.28,2500.31,475,492,trade
2024-01-01 09:36:12,GOOGL,2500.3,615,2500.29,2500.31,147,452,trade
2024-01-01 09:36:13,GOOGL,2500.3,899,2500.3,2500.31,439,250,trade
2024-01-01 09:36:14,GOOGL,2500.29,565,2500.29,2500.3,480,292,trade
2024-01-01 09:36:15,GOOGL,2500.3,980,2500.29,2500.3,431,415,trade
2024-01-01 09:36:16,GOOGL,2500.27,611,2500.26,2500.28,275,281,trade
2024-01-01 09:36:17,GOOGL,2500.28,448,2500.27,2500.3,331,136,trade
2024-01-01 09:36:18,GOOGL,2500.28,211,2500.26,2500.29,435,185,trade
2024-01-01 09:36:19,GOOGL,2500.29,137,2500.29,2500.3,492,184,trade
2024-01-01 09:36:20,GOOGL,2500.3,586,2500.27,2500.32,164,279,trade
2024-01-01 09:36:21,GOOGL,2500.32,365,2500.3,2500.34,267,487,trade
2024-01-01 09:36:22,GOOGL,2500.33,994,2500.31,2500.34,298,243,trade
2024-01-01 09:36:23,GOOGL,2500.32,727,2500.31,2500.33,347,152,trade
2024-01-01 09:36:24,GOOGL,2500.32,827,2500.32,2500.33,494,252,trade
2024-01-01 09:36:25,GOOGL,2500.3,963,2500.29,2500.31,194,443,trade
2024-01-01 09:36:26,GOOGL,2500.32,979,2500.3,2500.34,328,439,trade
2024-01-01 09:36:27,GOOGL,2500.32,200,2500.3,2500.33,382,348,trade
2024-01-01 09:36:28,GOOGL,2500.3,711,2500.29,2500.32,348,434,trade
2024-01-01 09:36:29,GOOGL,2500.3,978,2500.28,2500.32,364,127,trade
2024-01-01 09:36:30,GOOGL,2500.29,735,2500.28,2500.3,126,474,trade
2024-01-01 09:36:31,GOOGL,2500.27,375,2500.27,2500.28,318,470,trade
2024-01-01 09:36:32,GOOGL,2500.26,119,2500.25,2500.28,377,463,trade
2024-01-01 09:36:33,GOOGL,2500.28,314,2500.26,2500.31,489,454,trade
2024-01-01 09:36:34,GOOGL,2500.28,406,2500.27,2500.28,486,324,trade
2024-01-01 09:36:35,GOOGL,2500.28,688,2500.27,2500.29,398,200,trade
2024-01-01 09:36:36,GOOGL,2500.29,349,2500.27,2500.3,443,239,trade
2024-01-01 09:36:37,GOOGL,2500.31,999,2500.3,2500.32,246,419,trade
2024-01-01 09:36:38,GOOGL,2500.33,952,2500.32,2500.34,380,174,trade
2024-01-01 09:36:39,GOOGL,2500.32,230,2500.31,2500.33,485,362,trade
2024-01-01 09:36:40,GOOGL,2500.34,405,2500.33,2500.35,233,441,trade
2024-01-01 09:36:41,GOOGL,2500.34,947,2500.33,2500.35,265,302,trade
2024-01-01 09:36:42,GOOGL,2500.36,284,2500.33,2500.38,140,146,trade
2024-01-01 09:36:43,GOOGL,2500.36,678,2500.34,2500.38,351,482,trade
2024-01-01 09:36:44,GOOGL,2500.37,864,2500.35,2500.39,470,195,trade
2024-01-01 09:36:45,GOOGL,2500.36,257,2500.35,2500.38,237,283,trade
2024-01-01 09:36:46,GOOGL,2500.36,626,2500.34,2500.38,314,179,trade
2024-01-01 09:36:47,GOOGL,2500.37,479,2500.37,2500.38,281,229,trade
2024-01-01 09:36:48,GOOGL,2500.38,686,2500.36,2500.4,496,393,trade
2024-01-01 09:36:49,GOOGL,2500.38,229,2500.36,2500.4,324,427,trade
2024-01-01 09:36:50,GOOGL,2500.37,518,2500.36,2500.38,231,493,trade
2024-01-01 09:36:51,GOOGL,2500.38,242,2500.38,2500.39,411,215,trade
2024-01-01 09:36:52,GOOGL,2500.4,323,2500.38,2500.42,242,279,trade
2024-01-01 09:36:53,GOOGL,2500.4,353,2500.39,2500.42,443,207,trade
2024-01-01 09:36:54,GOOGL,2500.4,148,2500.39,2500.42,241,324,trade
2024-01-01 09:36:55,GOOGL,2500.41,684,2500.4,2500.42,370,130,trade
2024-01-01 09:36:56,GOOGL,2500.41,662,2500.4,2500.43,291,306,trade
2024-01-01 09:36:57,GOOGL,2500.41,291,2500.4,2500.42,333,153,trade
2024-01-01 09:36:58,GOOGL,2500.42,516,2500.4,2500.44,213,180,trade
2024-01-01 09:36:59,GOOGL,2500.42,161,2500.4,2500.45,285,115,trade
2024-01-01 09:37:00,GOOGL,2500.43,340,2500.43,2500.44,422,174,trade
2024-01-01 09:37:01,GOOGL,2500.44,289,2500.42,2500.45,232,413,trade
2024-01-01 09:37:02,GOOGL,2500.45,787,2500.42,2500.47,430,244,trade
2024-01-01 09:37:03,GOOGL,2500.44,924,2500.42,2500.46,102,302,trade
2024-01-01 09:37:04,GOOGL,2500.45,786,2500.45,2500.46,356,459,trade
2024-01-01 09:37:05,GOOGL,2500.44,856,2500.42,2500.45,232,373,trade
2024-01-01 09:37:06,GOOGL,2500.43,529,2500.41,2500.44,455,282,trade
2024-01-01 09:37:07,GOOGL,2500.42,383,2500.41,2500.43,414,285,trade
2024-01-01 09:37:08,GOOGL,2500.42,317,2500.4,2500.44,348,134,trade
2024-01-01 09:37:09,GOOGL,2500.43,414,2500.41,2500.44,441,126,trade
2024-01-01 09:37:10,GOOGL,2500.42,140,2500.41,2500.42,276,370,trade
2024-01-01 09:37:11,GOOGL,2500.41,107,2500.41,2500.42,303,139,trade
2024-01-01 09:37:12,GOOGL,2500.4,650,2500.38,2500.42,275,223,trade
2024-01-01 09:37:13,GOOGL,2500.39,306,2500.38,2500.4,269,306,trade
2024-01-01 09:37:14,GOOGL,2500.4,942,2500.37,2500.42,350,472,trade
2024-01-01 09:37:15,GOOGL,2500.4,892,2500.39,2500.41,130,460,trade
2024-01-01 09:37:16,GOOGL,2500.4,875,2500.39,2500.41,187,339,trade
2024-01-01 09:37:17,GOOGL,2500.4,768,2500.39,2500.4,168,174,trade
2024-01-01 09:37:18,GOOGL,2500.4,388,2500.37,2500.42,429,388,trade
2024-01-01 09:37:19,GOOGL,2500.4,987,2500.39,2500.42,339,491,trade
2024-01-01 09:37:20,GOOGL,2500.41,597,2500.4,2500.42,325,292,trade
2024-01-01 09:37:21,GOOGL,2500.41,723,2500.39,2500.43,157,334,trade
2024-01-01 09:37:22,GOOGL,2500.41,532,2500.4,2500.42,304,219,trade
2024-01-01 09:37:23,GOOGL,2500.41,296,2500.39,2500.43,126,394,trade
2024-01-01 09:37:24,GOOGL,2500.39,793,2500.38,2500.4,471,206,trade
2024-01-01 09:37:25,GOOGL,2500.4,909,2500.38,2500.42,182,246,trade
2024-01-01 09:37:26,GOOGL,2500.4,294,2500.39,2500.42,202,174,trade
2024-01-01 09:37:27,GOOGL,2500.4,634,2500.39,2500.42,282,300,trade
2024-01-01 09:37:28,GOOGL,2500.38,671,2500.36,2500.39,147,179,trade
2024-01-01 09:37:29,GOOGL,2500.37,763,2500.35,2500.39,215,131,trade
2024-01-01 09:37:30,GOOGL,2500.37,418,2500.37,2500.38,473,439,trade
2024-01-01 09:37:31,GOOGL,2500.37,786,2500.35,2500.39,242,467,trade
2024-01-01 09:37:32,GOOGL,2500.37,335,2500.35,2500.39,290,456,trade
2024-01-01 09:37:33,GOOGL,2500.37,506,2500.36,2500.38,355,384,trade
2024-01-01 09:37:34,GOOGL,2500.37,122,2500.35,2500.38,133,466,trade
2024-01-01 09:37:35,GOOGL,2500.36,527,2500.35,2500.38,410,402,trade
2024-01-01 09:37:36,GOOGL,2500.35,542,2500.34,2500.37,100,464,trade
2024-01-01 09:37:37,GOOGL,2500.36,647,2500.35,2500.37,440,267,trade
2024-01-01 09:37:38,GOOGL,2500.37,405,2500.35,2500.39,365,151,trade
2024-01-01 09:37:39,GOOGL,2500.36,400,2500.35,2500.37,329,130,trade
2024-01-01 09:37:40,GOOGL,2500.36,475,2500.34,2500.38,352,267,trade
2024-01-01 09:37:41,GOOGL,2500.36,626,2500.35,2500.37,309,226,trade
2024-01-01 09:37:42,GOOGL,2500.35,788,2500.34,2500.37,219,317,trade
2024-01-01 09:37:43,GOOGL,2500.36,458,2500.33,2500.38,159,227,trade
2024-01-01 09:37:44,GOOGL,2500.35,365,2500.34,2500.36,269,480,trade
2024-01-01 09:37:45,GOOGL,2500.34,743,2500.32,2500.37,365,469,trade
2024-01-01 09:37:46,GOOGL,2500.35,847,2500.33,2500.37,160,189,trade
2024-01-01 09:37:47,GOOGL,2500.35,733,2500.34,2500.36,197,147,trade
2024-01-01 09:37:48,GOOGL,2500.35,963,2500.33,2500.37,472,423,trade
2024-01-01 09:37:49,GOOGL,2500.35,542,2500.32,2500.37,215,499,trade
2024-01-01 09:37:50,GOOGL,2500.34,367,2500.32,2500.36,137,316,trade
2024-01-01 09:37:51,GOOGL,2500.34,529,2500.33,2500.34,393,492,trade
2024-01-01 09:37:52,GOOGL,2500.35,271,2500.34,2500.36,378,453,trade
2024-01-01 09:37:53,GOOGL,2500.34,378,2500.32,2500.35,433,399,trade
2024-01-01 09:37:54,GOOGL,2500.33,985,2500.31,2500.34,259,114,trade
2024-01-01 09:37:55,GOOGL,2500.31,464,2500.29,2500.33,429,442,trade
2024-01-01 09:37:56,GOOGL,2500.3,973,2500.29,2500.31,341,488,trade
2024-01-01 09:37:57,GOOGL,2500.3,142,2500.29,2500.3,247,128,trade
2024-01-01 09:37:58,GOOGL,2500.28,258,2500.26,2500.29,199,284,trade
2024-01-01 09:37:59,GOOGL,2500.28,675,2500.27,2500.3,152,118,trade
2024-01-01 09:38:00,GOOGL,2500.3,922,2500.28,2500.31,303,161,trade
2024-01-01 09:38:01,GOOGL,2500.31,502,2500.29,2500.32,275,475,trade
2024-01-01 09:38:02,GOOGL,2500.32,914,2500.3,2500.33,166,164,trade
2024-01-01 09:38:03,GOOGL,2500.32,638,2500.3,2500.33,457,223,trade
2024-01-01 09:38:04,GOOGL,2500.32,833,2500.31,2500.34,279,481,trade
2024-01-01 09:38:05,GOOGL,2500.31,633,2500.29,2500.34,223,201,trade
2024-01-01 09:38:06,GOOGL,2500.31,380,2500.29,2500.33,195,137,trade
2024-01-01 09:38:07,GOOGL,2500.31,482,2500.3,2500.32,357,430,trade
2024-01-01 09:38:08,GOOGL,2500.32,332,2500.3,2500.34,433,188,trade
2024-01-01 09:38:09,GOOGL,2500.31,245,2500.29,2500.34,102,274,trade
2024-01-01 09:38:10,GOOGL,2500.33,442,2500.31,2500.35,402,263,trade
2024-01-01 09:38:11,GOOGL,2500.33,654,2500.31,2500.35,298,476,trade
2024-01-01 09:38:12,GOOGL,2500.32,563,2500.31,2500.33,306,113,trade
2024-01-01 09:38:13,GOOGL,2500.33,551,2500.31,2500.35,378,487,trade
2024-01-01 09:38:14,GOOGL,2500.35,809,2500.34,2500.36,445,302,trade
2024-01-01 09:38:15,GOOGL,2500.33,601,2500.32,2500.35,287,361,trade
2024-01-01 09:38:16,GOOGL,2500.35,963,2500.34,2500.35,311,150,trade
2024-01-01 09:38:17,GOOGL,2500.34,674,2500.33,2500.35,423,491,trade
2024-01-01 09:38:18,GOOGL,2500.34,512,2500.33,2500.36,175,154,trade
2024-01-01 09:38:19,GOOGL,2500.35,101,2500.34,2500.36,339,115,trade
2024-01-01 09:38:20,GOOGL,2500.35,608,2500.33,2500.38,118,379,trade
2024-01-01 09:38:21,GOOGL,2500.35,470,2500.33,2500.37,223,425,trade
2024-01-01 09:38:22,GOOGL,2500.33,701,2500.32,2500.34,190,351,trade
2024-01-01 09:38:23,GOOGL,2500.32,952,2500.3,2500.35,113,491,trade
2024-01-01 09:38:24,GOOGL,2500.31,641,2500.28,2500.33,286,114,trade
2024-01-01 09:38:25,GOOGL,2500.31,483,2500.29,2500.33,164,267,trade
2024-01-01 09:38:26,GOOGL,2500.31,313,2500.29,2500.33,395,338,trade
2024-01-01 09:38:27,GOOGL,2500.33,623,2500.32,2500.34,157,408,trade
2024-01-01 09:38:28,GOOGL,2500.31,376,2500.3,2500.33,224,195,trade
2024-01-01 09:38:29,GOOGL,2500.31,912,2500.3,2500.32,420,410,trade
2024-01-01 09:38:30,GOOGL,2500.3,433,2500.28,2500.31,498,193,trade
2024-01-01 09:38:31,GOOGL,2500.31,274,2500.29,2500.33,235,357,trade
2024-01-01 09:38:32,GOOGL,2500.33,790,2500.31,2500.35,243,299,trade
2024-01-01 09:38:33,GOOGL,2500.32,432,2500.3,2500.33,161,429,trade
2024-01-01 09:38:34,GOOGL,2500.33,921,2500.32,2500.33,260,152,trade
2024-01-01 09:38:35,GOOGL,2500.32,922,2500.3,2500.33,334,247,trade
2024-01-01 09:38:36,GOOGL,2500.32,866,2500.31,2500.34,340,201,trade
2024-01-01 09:38:37,GOOGL,2500.32,981,2500.3,2500.34,387,492,trade
2024-01-01 09:38:38,GOOGL,2500.31,813,2500.29,2500.33,355,483,trade
2024-01-01 09:38:39,GOOGL,2500.31,781,2500.3,2500.32,364,221,trade
2024-01-01 09:38:40,GOOGL,2500.32,292,2500.31,2500.32,257,391,trade
2024-01-01 09:38:41,GOOGL,2500.31,363,2500.3,2500.32,428,215,trade
2024-01-01 09:38:42,GOOGL,2500.3,240,2500.29,2500.3,433,195,trade
2024-01-01 09:38:43,GOOGL,2500.29,867,2500.28,2500.3,427,307,trade
2024-01-01 09:38:44,GOOGL,2500.3,479,2500.3,2500.31,217,451,trade
2024-01-01 09:38:45,GOOGL,2500.32,604,2500.31,2500.32,210,204,trade
2024-01-01 09:38:46,GOOGL,2500.34,785,2500.31,2500.36,191,191,trade
2024-01-01 09:38:47,GOOGL,2500.34,637,2500.33,2500.35,190,463,trade
2024-01-01 09:38:48,GOOGL,2500.34,374,2500.33,2500.34,238,208,trade
2024-01-01 09:38:49,GOOGL,2500.33,593,2500.31,2500.35,370,129,trade
2024-01-01 09:38:50,GOOGL,2500.33,715,2500.31,2500.35,419,301,trade
2024-01-01 09:38:51,GOOGL,2500.36,858,2500.34,2500.37,444,287,trade
2024-01-01 09:38:52,GOOGL,2500.37,414,2500.35,2500.39,155,212,trade
2024-01-01 09:38:53,GOOGL,2500.37,824,2500.35,2500.39,312,321,trade
2024-01-01 09:38:54,GOOGL,2500.36,554,2500.35,2500.37,402,435,trade
2024-01-01 09:38:55,GOOGL,2500.35,586,2500.33,2500.36,375,470,trade
2024-01-01 09:38:56,GOOGL,2500.36,423,2500.35,2500.37,465,250,trade
2024-01-01 09:38:57,GOOGL,2500.35,663,2500.33,2500.38,113,353,trade
2024-01-01 09:38:58,GOOGL,2500.37,486,2500.35,2500.39,450,466,trade
2024-01-01 09:38:59,GOOGL,2500.38,187,2500.36,2500.41,285,331,trade
2024-01-01 09:39:00,GOOGL,2500.38,492,2500.38,2500.39,482,463,trade
2024-01-01 09:39:01,GOOGL,2500.4,358,2500.38,2500.43,402,226,trade
2024-01-01 09:39:02,GOOGL,2500.41,507,2500.41,2500.42,404,116,trade
2024-01-01 09:39:03,GOOGL,2500.42,235,2500.41,2500.42,225,487,trade
2024-01-01 09:39:04,GOOGL,2500.41,475,2500.4,2500.43,262,186,trade
2024-01-01 09:39:05,GOOGL,2500.4,551,2500.39,2500.42,371,471,trade
2024-01-01 09:39:06,GOOGL,2500.4,350,2500.39,2500.41,414,147,trade
2024-01-01 09:39:07,GOOGL,2500.42,317,2500.4,2500.44,242,150,trade
2024-01-01 09:39:08,GOOGL,2500.42,548,2500.4,2500.44,219,491,trade
2024-01-01 09:39:09,GOOGL,2500.42,541,2500.4,2500.44,370,160,trade
2024-01-01 09:39:10,GOOGL,2500.43,352,2500.41,2500.45,430,180,trade
2024-01-01 09:39:11,GOOGL,2500.44,429,2500.44,2500.45,228,189,trade
2024-01-01 09:39:12,GOOGL,2500.44,839,2500.42,2500.46,344,117,trade
2024-01-01 09:39:13,GOOGL,2500.42,689,2500.4,2500.44,157,174,trade
2024-01-01 09:39:14,GOOGL,2500.4,212,2500.39,2500.42,356,374,trade
2024-01-01 09:39:15,GOOGL,2500.41,865,2500.4,2500.43,226,406,trade
2024-01-01 09:39:16,GOOGL,2500.41,737,2500.4,2500.43,285,160,trade
2024-01-01 09:39:17,GOOGL,2500.41,365,2500.38,2500.43,192,380,trade
2024-01-01 09:39:18,GOOGL,2500.42,454,2500.4,2500.44,333,422,trade
2024-01-01 09:39:19,GOOGL,2500.41,404,2500.41,2500.42,125,433,trade
2024-01-01 09:39:20,GOOGL,2500.42,869,2500.4,2500.44,126,330,trade
2024-01-01 09:39:21,GOOGL,2500.41,456,2500.39,2500.44,303,330,trade
2024-01-01 09:39:22,GOOGL,2500.42,993,2500.4,2500.45,442,137,trade
2024-01-01 09:39:23,GOOGL,2500.42,264,2500.41,2500.43,350,194,trade
2024-01-01 09:39:24,GOOGL,2500.42,274,2500.41,2500.43,273,165,trade
2024-01-01 09:39:25,GOOGL,2500.43,490,2500.41,2500.45,475,116,trade
2024-01-01 09:39:26,GOOGL,2500.43,345,2500.41,2500.44,357,353,trade
2024-01-01 09:39:27,GOOGL,2500.44,791,2500.41,2500.46,332,294,trade
2024-01-01 09:39:28,GOOGL,2500.42,281,2500.41,2500.43,312,195,trade
2024-01-01 09:39:29,GOOGL,2500.42,942,2500.4,2500.43,306,226,trade
2024-01-01 09:39:30,GOOGL,2500.42,747,2500.4,2500.43,363,302,trade
2024-01-01 09:39:31,GOOGL,2500.42,323,2500.4,2500.43,416,297,trade
2024-01-01 09:39:32,GOOGL,2500.4,445,2500.39,2500.41,103,440,trade
2024-01-01 09:39:33,GOOGL,2500.39,295,2500.37,2500.42,386,122,trade
2024-01-01 09:39:34,GOOGL,2500.39,776,2500.37,2500.41,400,255,trade
2024-01-01 09:39:35,GOOGL,2500.39,759,2500.37,2500.4,244,392,trade
2024-01-01 09:39:36,GOOGL,2500.38,367,2500.37,2500.39,392,156,trade
2024-01-01 09:39:37,GOOGL,2500.38,739,2500.37,2500.39,217,322,trade
2024-01-01 09:39:38,GOOGL,2500.36,746,2500.35,2500.37,394,202,trade
2024-01-01 09:39:39,GOOGL,2500.36,454,2500.35,2500.37,415,473,trade
2024-01-01 09:39:40,GOOGL,2500.36,872,2500.35,2500.38,329,288,trade
2024-01-01 09:39:41,GOOGL,2500.38,407,2500.36,2500.39,248,333,trade
2024-01-01 09:39:42,GOOGL,2500.39,278,2500.38,2500.4,487,121,trade
2024-01-01 09:39:43,GOOGL,2500.38,156,2500.37,2500.4,462,373,trade
2024-01-01 09:39:44,GOOGL,2500.39,958,2500.38,2500.4,368,211,trade
2024-01-01 09:39:45,GOOGL,2500.38,378,2500.37,2500.4,109,433,trade
2024-01-01 09:39:46,GOOGL,2500.36,184,2500.36,2500.37,333,482,trade
2024-01-01 09:39:47,GOOGL,2500.34,461,2500.32,2500.36,337,149,trade
2024-01-01 09:39:48,GOOGL,2500.35,550,2500.34,2500.36,497,124,trade
2024-01-01 09:39:49,GOOGL,2500.34,413,2500.31,2500.36,293,177,trade
2024-01-01 09:39:50,GOOGL,2500.33,377,2500.31,2500.36,192,451,trade
2024-01-01 09:39:51,GOOGL,2500.33,500,2500.31,2500.36,154,308,trade
2024-01-01 09:39:52,GOOGL,2500.33,661,2500.31,2500.34,479,255,trade
2024-01-01 09:39:53,GOOGL,2500.33,140,2500.31,2500.34,323,407,trade
2024-01-01 09:39:54,GOOGL,2500.33,684,2500.32,2500.33,394,338,trade
2024-01-01 09:39:55,GOOGL,2500.32,719,2500.31,2500.34,490,240,trade
2024-01-01 09:39:56,GOOGL,2500.33,445,2500.31,2500.34,187,169,trade
2024-01-01 09:39:57,GOOGL,2500.32,219,2500.31,2500.33,482,202,trade
2024-01-01 09:39:58,GOOGL,2500.31,925,2500.28,2500.33,189,299,trade
2024-01-01 09:39:59,GOOGL,2500.31,172,2500.29,2500.34,210,141,trade
2024-01-01 09:40:00,GOOGL,2500.32,404,2500.3,2500.33,418,433,trade
2024-01-01 09:40:01,GOOGL,2500.32,440,2500.3,2500.34,386,268,trade
2024-01-01 09:40:02,GOOGL,2500.3,317,2500.29,2500.32,257,334,trade
2024-01-01 09:40:03,GOOGL,2500.3,914,2500.3,2500.31,167,467,trade
2024-01-01 09:40:04,GOOGL,2500.3,594,2500.28,2500.31,429,132,trade
2024-01-01 09:40:05,GOOGL,2500.29,672,2500.28,2500.3,462,182,trade
2024-01-01 09:40:06,GOOGL,2500.28,820,2500.26,2500.31,456,146,trade
2024-01-01 09:40:07,GOOGL,2500.26,355,2500.24,2500.28,292,146,trade
2024-01-01 09:40:08,GOOGL,2500.26,124,2500.24,2500.28,194,227,trade
2024-01-01 09:40:09,GOOGL,2500.26,449,2500.24,2500.28,105,413,trade
2024-01-01 09:40:10,GOOGL,2500.25,736,2500.24,2500.26,264,224,trade
2024-01-01 09:40:11,GOOGL,2500.27,847,2500.25,2500.3,429,346,trade
2024-01-01 09:40:12,GOOGL,2500.27,874,2500.25,2500.28,205,322,trade
2024-01-01 09:40:13,GOOGL,2500.27,131,2500.26,2500.27,463,499,trade
2024-01-01 09:40:14,GOOGL,2500.26,317,2500.24,2500.27,462,113,trade
2024-01-01 09:40:15,GOOGL,2500.28,706,2500.26,2500.3,369,460,trade
2024-01-01 09:40:16,GOOGL,2500.28,489,2500.27,2500.29,270,205,trade
2024-01-01 09:40:17,GOOGL,2500.27,656,2500.26,2500.29,323,437,trade
2024-01-01 09:40:18,GOOGL,2500.26,437,2500.23,2500.28,295,177,trade
2024-01-01 09:40:19,GOOGL,2500.26,200,2500.23,2500.28,497,315,trade
2024-01-01 09:40:20,GOOGL,2500.25,241,2500.23,2500.27,186,136,trade
2024-01-01 09:40:21,GOOGL,2500.24,185,2500.23,2500.26,289,250,trade
2024-01-01 09:40:22,GOOGL,2500.24,125,2500.23,2500.25,163,308,trade
2024-01-01 09:40:23,GOOGL,2500.24,354,2500.23,2500.25,371,448,trade
2024-01-01 09:40:24,GOOGL,2500.23,971,2500.2,2500.25,261,378,trade
2024-01-01 09:40:25,GOOGL,2500.22,582,2500.2,2500.24,175,152,trade
2024-01-01 09:40:26,GOOGL,2500.21,100,2500.2,2500.23,129,435,trade
2024-01-01 09:40:27,GOOGL,2500.21,251,2500.19,2500.22,289,218,trade
2024-01-01 09:40:28,GOOGL,2500.22,127,2500.21,2500.23,439,158,trade
2024-01-01 09:40:29,GOOGL,2500.21,856,2500.2,2500.22,413,158,trade
2024-01-01 09:40:30,GOOGL,2500.2,737,2500.19,2500.21,209,103,trade
2024-01-01 09:40:31,GOOGL,2500.2,530,2500.18,2500.23,145,174,trade
2024-01-01 09:40:32,GOOGL,2500.2,213,2500.18,2500.22,417,160,trade
2024-01-01 09:40:33,GOOGL,2500.2,602,2500.18,2500.22,238,272,trade
2024-01-01 09:40:34,GOOGL,2500.21,820,2500.2,2500.22,394,230,trade
2024-01-01 09:40:35,GOOGL,2500.2,732,2500.18,2500.22,189,105,trade
2024-01-01 09:40:36,GOOGL,2500.18,542,2500.16,2500.21,237,421,trade
2024-01-01 09:40:37,GOOGL,2500.18,235,2500.17,2500.18,208,291,trade
2024-01-01 09:40:38,GOOGL,2500.19,667,2500.18,2500.19,103,454,trade
2024-01-01 09:40:39,GOOGL,2500.17,817,2500.15,2500.19,161,144,trade
2024-01-01 09:40:40,GOOGL,2500.17,549,2500.16,2500.17,330,142,trade
2024-01-01 09:40:41,GOOGL,2500.17,770,2500.15,2500.18,482,237,trade
2024-01-01 09:40:42,GOOGL,2500.17,299,2500.15,2500.18,372,327,trade
2024-01-01 09:40:43,GOOGL,2500.18,595,2500.17,2500.18,118,262,trade
2024-01-01 09:40:44,GOOGL,2500.19,294,2500.18,2500.21,473,270,trade
2024-01-01 09:40:45,GOOGL,2500.18,532,2500.16,2500.2,270,412,trade
2024-01-01 09:40:46,GOOGL,2500.19,126,2500.17,2500.21,365,480,trade
2024-01-01 09:40:47,GOOGL,2500.17,586,2500.16,2500.17,195,266,trade
2024-01-01 09:40:48,GOOGL,2500.17,930,2500.15,2500.19,205,206,trade
2024-01-01 09:40:49,GOOGL,2500.16,143,2500.14,2500.18,112,195,trade
2024-01-01 09:40:50,GOOGL,2500.16,697,2500.16,2500.17,386,112,trade
2024-01-01 09:40:51,GOOGL,2500.15,701,2500.13,2500.18,258,179,trade
2024-01-01 09:40:52,GOOGL,2500.16,775,2500.13,2500.18,493,239,trade
2024-01-01 09:40:53,GOOGL,2500.17,881,2500.15,2500.18,429,495,trade
2024-01-01 09:40:54,GOOGL,2500.18,850,2500.16,2500.21,148,198,trade
2024-01-01 09:40:55,GOOGL,2500.19,305,2500.16,2500.21,298,165,trade
2024-01-01 09:40:56,GOOGL,2500.19,303,2500.17,2500.22,128,499,trade
2024-01-01 09:40:57,GOOGL,2500.19,129,2500.19,2500.2,359,377,trade
2024-01-01 09:40:58,GOOGL,2500.18,830,2500.15,2500.2,426,249,trade
2024-01-01 09:40:59,GOOGL,2500.17,633,2500.15,2500.19,104,251,trade
2024-01-01 09:41:00,GOOGL,2500.17,468,2500.16,2500.18,439,277,trade
2024-01-01 09:41:01,GOOGL,2500.16,579,2500.15,2500.18,131,352,trade
2024-01-01 09:41:02,GOOGL,2500.16,582,2500.14,2500.18,295,443,trade
2024-01-01 09:41:03,GOOGL,2500.15,821,2500.13,2500.17,453,483,trade
2024-01-01 09:41:04,GOOGL,2500.14,807,2500.14,2500.15,196,135,trade
2024-01-01 09:41:05,GOOGL,2500.14,341,2500.12,2500.15,192,291,trade
2024-01-01 09:41:06,GOOGL,2500.15,290,2500.14,2500.15,316,267,trade
2024-01-01 09:41:07,GOOGL,2500.16,890,2500.16,2500.17,173,208,trade
2024-01-01 09:41:08,GOOGL,2500.16,315,2500.14,2500.18,441,175,trade
2024-01-01 09:41:09,GOOGL,2500.17,287,2500.16,2500.18,253,384,trade
2024-01-01 09:41:10,GOOGL,2500.16,608,2500.15,2500.17,163,213,trade
2024-01-01 09:41:11,GOOGL,2500.16,639,2500.14,2500.18,461,469,trade
2024-01-01 09:41:12,GOOGL,2500.16,661,2500.14,2500.18,254,199,trade
2024-01-01 09:41:13,GOOGL,2500.16,463,2500.14,2500.18,411,417,trade
2024-01-01 09:41:14,GOOGL,2500.15,567,2500.14,2500.16,406,178,trade
2024-01-01 09:41:15,GOOGL,2500.13,906,2500.11,2500.14,404,445,trade
2024-01-01 09:41:16,GOOGL,2500.14,838,2500.11,2500.16,211,431,trade
2024-01-01 09:41:17,GOOGL,2500.14,988,2500.12,2500.16,181,204,trade
2024-01-01 09:41:18,GOOGL,2500.12,492,2500.12,2500.13,189,121,trade
2024-01-01 09:41:19,GOOGL,2500.12,968,2500.11,2500.13,145,340,trade
2024-01-01 09:41:20,GOOGL,2500.13,457,2500.11,2500.15,183,109,trade
2024-01-01 09:41:21,GOOGL,2500.14,962,2500.13,2500.16,176,460,trade
2024-01-01 09:41:22,GOOGL,2500.14,195,2500.14,2500.15,453,239,trade
2024-01-01 09:41:23,GOOGL,2500.13,286,2500.11,2500.16,361,490,trade
2024-01-01 09:41:24,GOOGL,2500.12,986,2500.1,2500.14,441,460,trade
2024-01-01 09:41:25,GOOGL,2500.12,809,2500.12,2500.13,125,486,trade
2024-01-01 09:41:26,GOOGL,2500.13,123,2500.11,2500.15,378,478,trade
2024-01-01 09:41:27,GOOGL,2500.12,951,2500.11,2500.13,203,447,trade
2024-01-01 09:41:28,GOOGL,2500.11,640,2500.1,2500.13,420,313,trade
2024-01-01 09:41:29,GOOGL,2500.13,830,2500.12,2500.14,160,141,trade
2024-01-01 09:41:30,GOOGL,2500.12,927,2500.11,2500.13,341,442,trade
2024-01-01 09:41:31,GOOGL,2500.13,146,2500.11,2500.15,479,243,trade
2024-01-01 09:41:32,GOOGL,2500.13,428,2500.12,2500.14,374,373,trade
2024-01-01 09:41:33,GOOGL,2500.12,661,2500.11,2500.13,430,381,trade
2024-01-01 09:41:34,GOOGL,2500.14,349,2500.12,2500.16,426,468,trade
2024-01-01 09:41:35,GOOGL,2500.13,811,2500.12,2500.15,457,141,trade
2024-01-01 09:41:36,GOOGL,2500.15,469,2500.15,2500.16,102,210,trade
2024-01-01 09:41:37,GOOGL,2500.15,884,2500.13,2500.17,482,148,trade
2024-01-01 09:41:38,GOOGL,2500.14,971,2500.13,2500.14,224,308,trade
2024-01-01 09:41:39,GOOGL,2500.15,637,2500.14,2500.16,305,194,trade
2024-01-01 09:41:40,GOOGL,2500.15,607,2500.13,2500.17,139,289,trade
2024-01-01 09:41:41,GOOGL,2500.15,359,2500.13,2500.17,422,403,trade
2024-01-01 09:41:42,GOOGL,2500.15,776,2500.14,2500.17,186,242,trade
2024-01-01 09:41:43,GOOGL,2500.15,720,2500.15,2500.16,316,471,trade
2024-01-01 09:41:44,GOOGL,2500.15,471,2500.13,2500.17,115,109,trade
2024-01-01 09:41:45,GOOGL,2500.17,254,2500.16,2500.18,353,310,trade
2024-01-01 09:41:46,GOOGL,2500.19,330,2500.16,2500.21,395,269,trade
2024-01-01 09:41:47,GOOGL,2500.19,682,2500.19,2500.2,385,288,trade
2024-01-01 09:41:48,GOOGL,2500.2,933,2500.19,2500.22,129,183,trade
2024-01-01 09:41:49,GOOGL,2500.19,914,2500.18,2500.2,452,201,trade
2024-01-01 09:41:50,GOOGL,2500.2,716,2500.18,2500.22,357,415,trade
2024-01-01 09:41:51,GOOGL,2500.17,290,2500.15,2500.2,118,322,trade
2024-01-01 09:41:52,GOOGL,2500.17,476,2500.15,2500.18,332,469,trade
2024-01-01 09:41:53,GOOGL,2500.18,408,2500.16,2500.2,327,466,trade
2024-01-01 09:41:54,GOOGL,2500.18,570,2500.16,2500.2,169,127,trade
2024-01-01 09:41:55,GOOGL,2500.19,288,2500.18,2500.2,239,384,trade
2024-01-01 09:41:56,GOOGL,2500.19,665,2500.18,2500.21,399,445,trade
2024-01-01 09:41:57,GOOGL,2500.19,455,2500.18,2500.2,241,307,trade
2024-01-01 09:41:58,GOOGL,2500.18,447,2500.17,2500.19,391,409,trade
2024-01-01 09:41:59,GOOGL,2500.18,701,2500.15,2500.2,313,341,trade
2024-01-01 09:42:00,GOOGL,2500.2,926,2500.18,2500.22,354,366,trade
2024-01-01 09:42:01,GOOGL,2500.2,772,2500.2,2500.21,447,473,trade
2024-01-01 09:42:02,GOOGL,2500.2,736,2500.2,2500.21,204,304,trade
2024-01-01 09:42:03,GOOGL,2500.2,719,2500.19,2500.22,280,210,trade
2024-01-01 09:42:04,GOOGL,2500.18,181,2500.17,2500.19,453,254,trade
2024-01-01 09:42:05,GOOGL,2500.18,947,2500.16,2500.2,110,363,trade
2024-01-01 09:42:06,GOOGL,2500.19,226,2500.18,2500.2,483,379,trade
2024-01-01 09:42:07,GOOGL,2500.2,504,2500.18,2500.21,100,349,trade
2024-01-01 09:42:08,GOOGL,2500.19,775,2500.17,2500.21,331,131,trade
2024-01-01 09:42:09,GOOGL,2500.19,731,2500.18,2500.2,225,466,trade
2024-01-01 09:42:10,GOOGL,2500.17,882,2500.16,2500.19,193,213,trade
2024-01-01 09:42:11,GOOGL,2500.18,116,2500.17,2500.19,164,447,trade
2024-01-01 09:42:12,GOOGL,2500.18,370,2500.17,2500.2,118,453,trade
2024-01-01 09:42:13,GOOGL,2500.18,839,2500.16,2500.2,145,266,trade
2024-01-01 09:42:14,GOOGL,2500.17,123,2500.15,2500.18,383,266,trade
2024-01-01 09:42:15,GOOGL,2500.16,682,2500.15,2500.18,131,356,trade
2024-01-01 09:42:16,GOOGL,2500.17,793,2500.15,2500.18,435,138,trade
2024-01-01 09:42:17,GOOGL,2500.16,766,2500.14,2500.18,255,302,trade
2024-01-01 09:42:18,GOOGL,2500.17,293,2500.17,2500.18,147,194,trade
2024-01-01 09:42:19,GOOGL,2500.17,123,2500.16,2500.18,144,446,trade
2024-01-01 09:42:20,GOOGL,2500.18,811,2500.16,2500.19,450,384,trade
2024-01-01 09:42:21,GOOGL,2500.17,710,2500.15,2500.19,155,403,trade
2024-01-01 09:42:22,GOOGL,2500.17,578,2500.15,2500.19,382,347,trade
2024-01-01 09:42:23,GOOGL,2500.18,613,2500.17,2500.18,299,330,trade
2024-01-01 09:42:24,GOOGL,2500.17,854,2500.15,2500.19,472,266,trade
2024-01-01 09:42:25,GOOGL,2500.18,805,2500.18,2500.19,160,120,trade
2024-01-01 09:42:26,GOOGL,2500.18,973,2500.17,2500.19,421,417,trade
2024-01-01 09:42:27,GOOGL,2500.19,605,2500.18,2500.21,447,151,trade
2024-01-01 09:42:28,GOOGL,2500.18,157,2500.16,2500.2,136,495,trade
2024-01-01 09:42:29,GOOGL,2500.17,417,2500.16,2500.18,326,334,trade
2024-01-01 09:42:30,GOOGL,2500.16,679,2500.15,2500.17,243,146,trade
2024-01-01 09:42:31,GOOGL,2500.17,178,2500.16,2500.18,210,377,trade
2024-01-01 09:42:32,GOOGL,2500.16,688,2500.14,2500.18,290,253,trade
2024-01-01 09:42:33,GOOGL,2500.17,775,2500.15,2500.19,213,389,trade
2024-01-01 09:42:34,GOOGL,2500.18,428,2500.18,2500.19,286,267,trade
2024-01-01 09:42:35,GOOGL,2500.2,687,2500.17,2500.22,256,240,trade
2024-01-01 09:42:36,GOOGL,2500.19,376,2500.18,2500.21,163,272,trade
2024-01-01 09:42:37,GOOGL,2500.17,531,2500.16,2500.18,337,172,trade
2024-01-01 09:42:38,GOOGL,2500.18,916,2500.16,2500.2,294,356,trade
2024-01-01 09:42:39,GOOGL,2500.17,810,2500.15,2500.19,448,180,trade
2024-01-01 09:42:40,GOOGL,2500.2,511,2500.18,2500.22,460,287,trade
2024-01-01 09:42:41,GOOGL,2500.2,207,2500.19,2500.21,170,133,trade
2024-01-01 09:42:42,GOOGL,2500.19,454,2500.17,2500.2,323,199,trade
2024-01-01 09:42:43,GOOGL,2500.17,429,2500.15,2500.2,467,293,trade
2024-01-01 09:42:44,GOOGL,2500.16,225,2500.14,2500.18,441,145,trade
2024-01-01 09:42:45,GOOGL,2500.16,929,2500.14,2500.17,163,118,trade
2024-01-01 09:42:46,GOOGL,2500.17,933,2500.15,2500.18,283,370,trade
2024-01-01 09:42:47,GOOGL,2500.17,136,2500.15,2500.19,278,497,trade
2024-01-01 09:42:48,GOOGL,2500.18,593,2500.17,2500.19,140,185,trade
2024-01-01 09:42:49,GOOGL,2500.18,487,2500.17,2500.2,148,321,trade
2024-01-01 09:42:50,GOOGL,2500.18,324,2500.17,2500.18,147,380,trade
2024-01-01 09:42:51,GOOGL,2500.17,250,2500.15,2500.19,237,372,trade
2024-01-01 09:42:52,GOOGL,2500.17,584,2500.16,2500.18,307,361,trade
2024-01-01 09:42:53,GOOGL,2500.17,380,2500.14,2500.19,289,138,trade
2024-01-01 09:42:54,GOOGL,2500.17,844,2500.15,2500.19,417,225,trade
2024-01-01 09:42:55,GOOGL,2500.16,459,2500.15,2500.18,315,240,trade
2024-01-01 09:42:56,GOOGL,2500.17,937,2500.16,2500.18,305,143,trade
2024-01-01 09:42:57,GOOGL,2500.17,865,2500.16,2500.18,418,468,trade
2024-01-01 09:42:58,GOOGL,2500.16,390,2500.15,2500.18,411,467,trade
2024-01-01 09:42:59,GOOGL,2500.16,226,2500.15,2500.17,151,483,trade
2024-01-01 09:43:00,GOOGL,2500.16,687,2500.14,2500.18,475,104,trade
2024-01-01 09:43:01,GOOGL,2500.16,533,2500.14,2500.18,281,451,trade
2024-01-01 09:43:02,GOOGL,2500.15,677,2500.14,2500.16,327,325,trade
2024-01-01 09:43:03,GOOGL,2500.17,158,2500.15,2500.19,163,388,trade
2024-01-01 09:43:04,GOOGL,2500.15,623,2500.13,2500.17,234,214,trade
2024-01-01 09:43:05,GOOGL,2500.15,661,2500.14,2500.17,133,379,trade
2024-01-01 09:43:06,GOOGL,2500.16,832,2500.16,2500.17,368,270,trade
2024-01-01 09:43:07,GOOGL,2500.17,926,2500.16,2500.18,438,302,trade
2024-01-01 09:43:08,GOOGL,2500.17,633,2500.15,2500.2,390,129,trade
2024-01-01 09:43:09,GOOGL,2500.19,957,2500.18,2500.21,171,435,trade
2024-01-01 09:43:10,GOOGL,2500.2,365,2500.19,2500.21,345,234,trade
2024-01-01 09:43:11,GOOGL,2500.2,112,2500.19,2500.21,116,190,trade
2024-01-01 09:43:12,GOOGL,2500.2,226,2500.19,2500.21,341,411,trade
2024-01-01 09:43:13,GOOGL,2500.19,941,2500.17,2500.22,483,200,trade
2024-01-01 09:43:14,GOOGL,2500.19,253,2500.16,2500.21,460,237,trade
2024-01-01 09:43:15,GOOGL,2500.19,147,2500.17,2500.21,276,241,trade
2024-01-01 09:43:16,GOOGL,2500.2,327,2500.18,2500.22,365,465,trade
2024-01-01 09:43:17,GOOGL,2500.19,371,2500.17,2500.22,403,493,trade
2024-01-01 09:43:18,GOOGL,2500.2,201,2500.19,2500.2,349,426,trade
2024-01-01 09:43:19,GOOGL,2500.19,529,2500.17,2500.21,318,302,trade
2024-01-01 09:43:20,GOOGL,2500.18,931,2500.16,2500.2,130,348,trade
2024-01-01 09:43:21,GOOGL,2500.17,165,2500.16,2500.18,454,285,trade
2024-01-01 09:43:22,GOOGL,2500.19,588,2500.17,2500.2,288,402,trade
2024-01-01 09:43:23,GOOGL,2500.17,400,2500.16,2500.19,158,245,trade
2024-01-01 09:43:24,GOOGL,2500.17,732,2500.15,2500.19,175,141,trade
2024-01-01 09:43:25,GOOGL,2500.16,523,2500.15,2500.17,365,397,trade
2024-01-01 09:43:26,GOOGL,2500.16,350,2500.15,2500.17,132,384,trade
2024-01-01 09:43:27,GOOGL,2500.17,247,2500.14,2500.19,265,499,trade
2024-01-01 09:43:28,GOOGL,2500.17,372,2500.14,2500.19,128,153,trade
2024-01-01 09:43:29,GOOGL,2500.15,165,2500.14,2500.16,163,145,trade
2024-01-01 09:43:30,GOOGL,2500.14,423,2500.12,2500.16,202,497,trade
2024-01-01 09:43:31,GOOGL,2500.14,663,2500.12,2500.15,387,156,trade
2024-01-01 09:43:32,GOOGL,2500.15,556,2500.13,2500.16,478,162,trade
2024-01-01 09:43:33,GOOGL,2500.15,518,2500.13,2500.17,345,396,trade
2024-01-01 09:43:34,GOOGL,2500.14,594,2500.12,2500.16,450,102,trade
2024-01-01 09:43:35,GOOGL,2500.14,133,2500.13,2500.16,397,187,trade
2024-01-01 09:43:36,GOOGL,2500.14,330,2500.12,2500.16,434,220,trade
2024-01-01 09:43:37,GOOGL,2500.14,165,2500.14,2500.15,125,146,trade
2024-01-01 09:43:38,GOOGL,2500.14,263,2500.13,2500.15,293,268,trade
2024-01-01 09:43:39,GOOGL,2500.13,141,2500.13,2500.14,164,100,trade
2024-01-01 09:43:40,GOOGL,2500.12,694,2500.1,2500.13,302,222,trade
2024-01-01 09:43:41,GOOGL,2500.13,325,2500.11,2500.16,373,184,trade
2024-01-01 09:43:42,GOOGL,2500.14,186,2500.11,2500.16,207,115,trade
2024-01-01 09:43:43,GOOGL,2500.13,843,2500.11,2500.14,241,236,trade
2024-01-01 09:43:44,GOOGL,2500.11,522,2500.1,2500.11,248,473,trade
2024-01-01 09:43:45,GOOGL,2500.1,611,2500.09,2500.11,172,216,trade
2024-01-01 09:43:46,GOOGL,2500.09,165,2500.07,2500.12,313,182,trade
2024-01-01 09:43:47,GOOGL,2500.09,278,2500.07,2500.1,324,297,trade
2024-01-01 09:43:48,GOOGL,2500.09,296,2500.08,2500.09,475,384,trade
2024-01-01 09:43:49,GOOGL,2500.08,925,2500.07,2500.09,102,282,trade
2024-01-01 09:43:50,GOOGL,2500.06,397,2500.05,2500.07,499,188,trade
2024-01-01 09:43:51,GOOGL,2500.05,151,2500.04,2500.06,190,235,trade
2024-01-01 09:43:52,GOOGL,2500.04,651,2500.02,2500.07,400,312,trade
2024-01-01 09:43:53,GOOGL,2500.04,832,2500.03,2500.05,348,407,trade
2024-01-01 09:43:54,GOOGL,2500.05,774,2500.04,2500.06,269,225,trade
2024-01-01 09:43:55,GOOGL,2500.07,514,2500.06,2500.08,304,415,trade
2024-01-01 09:43:56,GOOGL,2500.06,637,2500.04,2500.08,363,425,trade
2024-01-01 09:43:57,GOOGL,2500.05,705,2500.04,2500.06,129,490,trade
2024-01-01 09:43:58,GOOGL,2500.04,868,2500.04,2500.05,286,412,trade
2024-01-01 09:43:59,GOOGL,2500.05,162,2500.03,2500.07,341,319,trade
2024-01-01 09:44:00,GOOGL,2500.07,894,2500.06,2500.08,170,435,trade
2024-01-01 09:44:01,GOOGL,2500.09,453,2500.07,2500.11,101,335,trade
2024-01-01 09:44:02,GOOGL,2500.1,537,2500.07,2500.12,375,467,trade
2024-01-01 09:44:03,GOOGL,2500.1,172,2500.09,2500.12,191,360,trade
2024-01-01 09:44:04,GOOGL,2500.09,754,2500.07,2500.12,201,139,trade
2024-01-01 09:44:05,GOOGL,2500.08,200,2500.06,2500.1,103,413,trade
2024-01-01 09:44:06,GOOGL,2500.09,726,2500.08,2500.1,307,111,trade
2024-01-01 09:44:07,GOOGL,2500.09,242,2500.07,2500.1,137,181,trade
2024-01-01 09:44:08,GOOGL,2500.08,904,2500.07,2500.1,369,448,trade
2024-01-01 09:44:09,GOOGL,2500.07,383,2500.06,2500.08,352,181,trade
2024-01-01 09:44:10,GOOGL,2500.06,855,2500.04,2500.08,314,212,trade
2024-01-01 09:44:11,GOOGL,2500.05,868,2500.04,2500.06,407,137,trade
2024-01-01 09:44:12,GOOGL,2500.06,704,2500.04,2500.08,196,199,trade
2024-01-01 09:44:13,GOOGL,2500.08,186,2500.05,2500.1,166,400,trade
2024-01-01 09:44:14,GOOGL,2500.1,208,2500.08,2500.11,270,198,trade
2024-01-01 09:44:15,GOOGL,2500.1,150,2500.09,2500.11,366,358,trade
2024-01-01 09:44:16,GOOGL,2500.11,616,2500.09,2500.13,125,271,trade
2024-01-01 09:44:17,GOOGL,2500.1,412,2500.09,2500.11,356,395,trade
2024-01-01 09:44:18,GOOGL,2500.11,567,2500.09,2500.13,411,484,trade
2024-01-01 09:44:19,GOOGL,2500.09,268,2500.08,2500.1,149,384,trade
2024-01-01 09:44:20,GOOGL,2500.09,120,2500.07,2500.12,120,440,trade
2024-01-01 09:44:21,GOOGL,2500.09,334,2500.08,2500.1,346,389,trade
2024-01-01 09:44:22,GOOGL,2500.09,723,2500.07,2500.12,151,431,trade
2024-01-01 09:44:23,GOOGL,2500.1,375,2500.09,2500.1,256,130,trade
2024-01-01 09:44:24,GOOGL,2500.11,223,2500.09,2500.13,196,323,trade
2024-01-01 09:44:25,GOOGL,2500.13,608,2500.12,2500.15,102,131,trade
2024-01-01 09:44:26,GOOGL,2500.13,256,2500.11,2500.15,151,243,trade
2024-01-01 09:44:27,GOOGL,2500.13,764,2500.1,2500.15,151,201,trade
2024-01-01 09:44:28,GOOGL,2500.13,864,2500.12,2500.13,107,181,trade
2024-01-01 09:44:29,GOOGL,2500.1,972,2500.09,2500.11,375,142,trade
2024-01-01 09:44:30,GOOGL,2500.12,345,2500.11,2500.13,181,199,trade
2024-01-01 09:44:31,GOOGL,2500.11,201,2500.1,2500.12,470,412,trade
2024-01-01 09:44:32,GOOGL,2500.12,443,2500.1,2500.14,307,480,trade
2024-01-01 09:44:33,GOOGL,2500.12,504,2500.1,2500.13,196,365,trade
2024-01-01 09:44:34,GOOGL,2500.12,291,2500.1,2500.14,298,152,trade
2024-01-01 09:44:35,GOOGL,2500.14,655,2500.13,2500.15,351,258,trade
2024-01-01 09:44:36,GOOGL,2500.16,649,2500.15,2500.17,126,145,trade
2024-01-01 09:44:37,GOOGL,2500.15,626,2500.13,2500.16,297,261,trade
2024-01-01 09:44:38,GOOGL,2500.14,735,2500.13,2500.15,134,347,trade
2024-01-01 09:44:39,GOOGL,2500.15,172,2500.13,2500.16,424,369,trade
2024-01-01 09:44:40,GOOGL,2500.14,313,2500.13,2500.15,136,401,trade
2024-01-01 09:44:41,GOOGL,2500.14,814,2500.13,2500.16,387,371,trade
2024-01-01 09:44:42,GOOGL,2500.14,101,2500.13,2500.14,173,331,trade
2024-01-01 09:44:43,GOOGL,2500.16,399,2500.14,2500.18,436,217,trade
2024-01-01 09:44:44,GOOGL,2500.15,748,2500.14,2500.16,355,398,trade
2024-01-01 09:44:45,GOOGL,2500.13,904,2500.11,2500.15,183,114,trade
2024-01-01 09:44:46,GOOGL,2500.14,237,2500.13,2500.15,352,276,trade
2024-01-01 09:44:47,GOOGL,2500.13,236,2500.12,2500.15,114,132,trade
2024-01-01 09:44:48,GOOGL,2500.14,664,2500.13,2500.16,195,413,trade
2024-01-01 09:44:49,GOOGL,2500.15,155,2500.13,2500.17,409,327,trade
2024-01-01 09:44:50,GOOGL,2500.14,367,2500.13,2500.14,268,386,trade
2024-01-01 09:44:51,GOOGL,2500.13,658,2500.12,2500.15,105,448,trade
2024-01-01 09:44:52,GOOGL,2500.13,465,2500.12,2500.14,416,389,trade
2024-01-01 09:44:53,GOOGL,2500.13,849,2500.11,2500.16,376,153,trade
2024-01-01 09:44:54,GOOGL,2500.14,913,2500.12,2500.17,244,112,trade
2024-01-01 09:44:55,GOOGL,2500.13,924,2500.11,2500.16,271,137,trade
2024-01-01 09:44:56,GOOGL,2500.13,995,2500.11,2500.15,347,251,trade
2024-01-01 09:44:57,GOOGL,2500.13,691,2500.11,2500.14,345,163,trade
2024-01-01 09:44:58,GOOGL,2500.14,634,2500.12,2500.16,409,226,trade
2024-01-01 09:44:59,GOOGL,2500.16,719,2500.14,2500.18,413,349,trade
2024-01-01 09:45:00,GOOGL,2500.15,314,2500.12,2500.17,490,305,trade
2024-01-01 09:45:01,GOOGL,2500.15,882,2500.14,2500.16,223,457,trade
2024-01-01 09:45:02,GOOGL,2500.14,866,2500.14,2500.15,264,476,trade
2024-01-01 09:45:03,GOOGL,2500.14,191,2500.13,2500.15,149,347,trade
2024-01-01 09:45:04,GOOGL,2500.14,172,2500.12,2500.16,367,356,trade
2024-01-01 09:45:05,GOOGL,2500.13,310,2500.12,2500.14,466,178,trade
2024-01-01 09:45:06,GOOGL,2500.1,512,2500.09,2500.12,262,307,trade
2024-01-01 09:45:07,GOOGL,2500.11,858,2500.1,2500.11,321,317,trade
2024-01-01 09:45:08,GOOGL,2500.12,119,2500.11,2500.12,471,198,trade
2024-01-01 09:45:09,GOOGL,2500.12,491,2500.1,2500.14,354,300,trade
2024-01-01 09:45:10,GOOGL,2500.12,555,2500.09,2500.14,404,359,trade
2024-01-01 09:45:11,GOOGL,2500.12,787,2500.12,2500.13,265,229,trade
2024-01-01 09:45:12,GOOGL,2500.11,523,2500.1,2500.11,265,110,trade
2024-01-01 09:45:13,GOOGL,2500.11,843,2500.08,2500.13,388,167,trade
2024-01-01 09:45:14,GOOGL,2500.12,823,2500.1,2500.13,222,306,trade
2024-01-01 09:45:15,GOOGL,2500.1,366,2500.07,2500.12,350,306,trade
2024-01-01 09:45:16,GOOGL,2500.09,502,2500.07,2500.11,283,129,trade
2024-01-01 09:45:17,GOOGL,2500.08,417,2500.07,2500.09,459,276,trade
2024-01-01 09:45:18,GOOGL,2500.08,399,2500.08,2500.09,418,418,trade
2024-01-01 09:45:19,GOOGL,2500.09,300,2500.07,2500.11,108,255,trade
2024-01-01 09:45:20,GOOGL,2500.08,483,2500.08,2500.09,234,452,trade
2024-01-01 09:45:21,GOOGL,2500.08,726,2500.07,2500.09,363,293,trade
2024-01-01 09:45:22,GOOGL,2500.08,538,2500.08,2500.09,493,289,trade
2024-01-01 09:45:23,GOOGL,2500.09,207,2500.07,2500.11,271,377,trade
2024-01-01 09:45:24,GOOGL,2500.11,116,2500.09,2500.12,268,317,trade
2024-01-01 09:45:25,GOOGL,2500.11,220,2500.09,2500.13,162,276,trade
2024-01-01 09:45:26,GOOGL,2500.11,120,2500.09,2500.12,368,271,trade
2024-01-01 09:45:27,GOOGL,2500.11,985,2500.08,2500.13,216,432,trade
2024-01-01 09:45:28,GOOGL,2500.11,209,2500.09,2500.12,434,340,trade
2024-01-01 09:45:29,GOOGL,2500.11,603,2500.09,2500.13,195,108,trade
2024-01-01 09:45:30,GOOGL,2500.13,471,2500.11,2500.14,473,428,trade
2024-01-01 09:45:31,GOOGL,2500.14,651,2500.12,2500.16,429,233,trade
2024-01-01 09:45:32,GOOGL,2500.15,679,2500.13,2500.16,163,359,trade
2024-01-01 09:45:33,GOOGL,2500.15,819,2500.14,2500.16,104,347,trade
2024-01-01 09:45:34,GOOGL,2500.14,934,2500.13,2500.15,476,439,trade
2024-01-01 09:45:35,GOOGL,2500.14,361,2500.14,2500.15,342,419,trade
2024-01-01 09:45:36,GOOGL,2500.14,619,2500.11,2500.16,390,381,trade
2024-01-01 09:45:37,GOOGL,2500.13,829,2500.12,2500.15,412,189,trade
2024-01-01 09:45:38,GOOGL,2500.14,828,2500.12,2500.17,304,275,trade
2024-01-01 09:45:39,GOOGL,2500.15,237,2500.13,2500.17,414,391,trade
2024-01-01 09:45:40,GOOGL,2500.16,779,2500.15,2500.16,398,485,trade
2024-01-01 09:45:41,GOOGL,2500.16,153,2500.15,2500.17,199,100,trade
2024-01-01 09:45:42,GOOGL,2500.16,999,2500.15,2500.16,117,498,trade
2024-01-01 09:45:43,GOOGL,2500.16,358,2500.14,2500.17,324,420,trade
2024-01-01 09:45:44,GOOGL,2500.14,885,2500.12,2500.16,279,127,trade
2024-01-01 09:45:45,GOOGL,2500.14,342,2500.13,2500.15,364,109,trade
2024-01-01 09:45:46,GOOGL,2500.14,315,2500.12,2500.16,257,288,trade
2024-01-01 09:45:47,GOOGL,2500.13,133,2500.11,2500.15,330,365,trade
2024-01-01 09:45:48,GOOGL,2500.13,333,2500.1,2500.15,390,332,trade
2024-01-01 09:45:49,GOOGL,2500.13,780,2500.12,2500.15,282,259,trade
2024-01-01 09:45:50,GOOGL,2500.14,918,2500.13,2500.14,302,182,trade
2024-01-01 09:45:51,GOOGL,2500.11,876,2500.09,2500.12,473,386,trade
2024-01-01 09:45:52,GOOGL,2500.11,954,2500.09,2500.12,398,448,trade
2024-01-01 09:45:53,GOOGL,2500.11,999,2500.09,2500.13,281,479,trade
2024-01-01 09:45:54,GOOGL,2500.12,830,2500.12,2500.13,379,427,trade
2024-01-01 09:45:55,GOOGL,2500.11,634,2500.1,2500.13,300,358,trade
2024-01-01 09:45:56,GOOGL,2500.11,704,2500.1,2500.13,169,151,trade
2024-01-01 09:45:57,GOOGL,2500.12,140,2500.1,2500.14,159,225,trade
2024-01-01 09:45:58,GOOGL,2500.11,589,2500.09,2500.13,118,138,trade
2024-01-01 09:45:59,GOOGL,2500.1,140,2500.08,2500.11,153,456,trade
2024-01-01 09:46:00,GOOGL,2500.1,657,2500.09,2500.12,395,261,trade
2024-01-01 09:46:01,GOOGL,2500.09,710,2500.07,2500.11,370,171,trade
2024-01-01 09:46:02,GOOGL,2500.1,422,2500.08,2500.12,436,386,trade
2024-01-01 09:46:03,GOOGL,2500.12,415,2500.11,2500.12,415,465,trade
2024-01-01 09:46:04,GOOGL,2500.11,531,2500.08,2500.13,417,243,trade
2024-01-01 09:46:05,GOOGL,2500.1,484,2500.09,2500.11,337,237,trade
2024-01-01 09:46:06,GOOGL,2500.09,177,2500.07,2500.11,169,179,trade
2024-01-01 09:46:07,GOOGL,2500.08,698,2500.06,2500.1,231,142,trade
2024-01-01 09:46:08,GOOGL,2500.09,630,2500.07,2500.1,394,370,trade
2024-01-01 09:46:09,GOOGL,2500.09,688,2500.07,2500.11,487,156,trade
2024-01-01 09:46:10,GOOGL,2500.09,345,2500.09,2500.1,317,197,trade
2024-01-01 09:46:11,GOOGL,2500.08,654,2500.06,2500.1,290,238,trade
2024-01-01 09:46:12,GOOGL,2500.09,555,2500.08,2500.1,366,425,trade
2024-01-01 09:46:13,GOOGL,2500.08,877,2500.06,2500.1,273,170,trade
2024-01-01 09:46:14,GOOGL,2500.09,860,2500.07,2500.12,262,215,trade
2024-01-01 09:46:15,GOOGL,2500.09,501,2500.08,2500.1,273,403,trade
2024-01-01 09:46:16,GOOGL,2500.09,204,2500.08,2500.1,365,411,trade
2024-01-01 09:46:17,GOOGL,2500.09,590,2500.08,2500.1,376,414,trade
2024-01-01 09:46:18,GOOGL,2500.11,107,2500.08,2500.13,237,260,trade
2024-01-01 09:46:19,GOOGL,2500.1,777,2500.09,2500.12,140,294,trade
2024-01-01 09:46:20,GOOGL,2500.09,655,2500.07,2500.12,398,286,trade
2024-01-01 09:46:21,GOOGL,2500.1,159,2500.09,2500.12,186,343,trade
2024-01-01 09:46:22,GOOGL,2500.1,560,2500.09,2500.11,351,358,trade
2024-01-01 09:46:23,GOOGL,2500.1,330,2500.08,2500.12,187,356,trade
2024-01-01 09:46:24,GOOGL,2500.11,603,2500.09,2500.12,141,407,trade
2024-01-01 09:46:25,GOOGL,2500.1,990,2500.07,2500.12,222,318,trade
2024-01-01 09:46:26,GOOGL,2500.09,843,2500.07,2500.12,113,182,trade
2024-01-01 09:46:27,GOOGL,2500.09,300,2500.07,2500.12,121,252,trade
2024-01-01 09:46:28,GOOGL,2500.11,302,2500.1,2500.12,210,226,trade
2024-01-01 09:46:29,GOOGL,2500.1,582,2500.08,2500.12,264,137,trade
2024-01-01 09:46:30,GOOGL,2500.1,969,2500.1,2500.11,118,142,trade
2024-01-01 09:46:31,GOOGL,2500.09,373,2500.08,2500.1,241,491,trade
2024-01-01 09:46:32,GOOGL,2500.09,700,2500.08,2500.1,376,180,trade
2024-01-01 09:46:33,GOOGL,2500.08,145,2500.08,2500.09,275,421,trade
2024-01-01 09:46:34,GOOGL,2500.09,174,2500.06,2500.11,340,184,trade
2024-01-01 09:46:35,GOOGL,2500.1,683,2500.09,2500.11,346,200,trade
2024-01-01 09:46:36,GOOGL,2500.1,723,2500.09,2500.11,496,421,trade
2024-01-01 09:46:37,GOOGL,2500.1,752,2500.08,2500.13,330,293,trade
2024-01-01 09:46:38,GOOGL,2500.1,394,2500.09,2500.11,250,329,trade
2024-01-01 09:46:39,GOOGL,2500.1,675,2500.07,2500.12,424,297,trade
