timestamp,symbol,price,volume,bid,ask,bid_volume,ask_volume,trade_type
2024-01-01 09:30:00,MSFT,300.0,823,299.98,300.02,177,260,trade
2024-01-01 09:30:01,MSFT,299.98,501,299.97,299.99,283,215,trade
2024-01-01 09:30:02,MSFT,299.97,258,299.97,299.98,499,251,trade
2024-01-01 09:30:03,MSFT,299.98,831,299.97,299.99,156,182,trade
2024-01-01 09:30:04,MSFT,299.97,951,299.96,299.99,247,257,trade
2024-01-01 09:30:05,MSFT,300.0,437,299.99,300.02,144,280,trade
2024-01-01 09:30:06,MSFT,300.0,219,299.98,300.02,319,202,trade
2024-01-01 09:30:07,MSFT,300.0,768,299.98,300.02,240,468,trade
2024-01-01 09:30:08,MSFT,299.99,419,299.98,300.0,302,477,trade
2024-01-01 09:30:09,MSFT,300.0,980,299.98,300.02,124,201,trade
2024-01-01 09:30:10,MSFT,300.0,293,299.97,300.02,327,330,trade
2024-01-01 09:30:11,MSFT,299.99,879,299.98,300.0,379,311,trade
2024-01-01 09:30:12,MSFT,299.99,735,299.98,300.0,389,256,trade
2024-01-01 09:30:13,MSFT,299.98,484,299.97,300.0,442,124,trade
2024-01-01 09:30:14,MSFT,299.99,746,299.97,300.01,168,260,trade
2024-01-01 09:30:15,MSFT,300.01,907,300.0,300.01,340,442,trade
2024-01-01 09:30:16,MSFT,299.99,974,299.97,300.0,274,405,trade
2024-01-01 09:30:17,MSFT,299.99,779,299.98,300.0,452,189,trade
2024-01-01 09:30:18,MSFT,300.0,604,299.99,300.01,251,393,trade
2024-01-01 09:30:19,MSFT,300.02,392,300.0,300.03,397,444,trade
2024-01-01 09:30:20,MSFT,300.01,629,300.0,300.02,177,447,trade
2024-01-01 09:30:21,MSFT,300.02,931,300.01,300.03,286,321,trade
2024-01-01 09:30:22,MSFT,300.02,138,300.0,300.04,368,118,trade
2024-01-01 09:30:23,MSFT,300.01,862,299.99,300.04,399,412,trade
2024-01-01 09:30:24,MSFT,300.03,561,300.02,300.04,195,257,trade
2024-01-01 09:30:25,MSFT,300.01,277,299.99,300.03,306,261,trade
2024-01-01 09:30:26,MSFT,300.0,489,299.98,300.02,222,352,trade
2024-01-01 09:30:27,MSFT,299.99,196,299.98,300.0,453,120,trade
2024-01-01 09:30:28,MSFT,299.99,421,299.97,300.01,143,240,trade
2024-01-01 09:30:29,MSFT,299.99,452,299.98,300.01,183,194,trade
2024-01-01 09:30:30,MSFT,300.01,645,300.0,300.03,272,393,trade
2024-01-01 09:30:31,MSFT,300.02,614,300.01,300.03,481,197,trade
2024-01-01 09:30:32,MSFT,300.02,499,300.01,300.04,191,123,trade
2024-01-01 09:30:33,MSFT,300.02,100,300.01,300.02,227,283,trade
2024-01-01 09:30:34,MSFT,300.01,538,300.0,300.01,334,496,trade
2024-01-01 09:30:35,MSFT,300.01,272,299.99,300.03,231,224,trade
2024-01-01 09:30:36,MSFT,300.01,129,300.01,300.02,390,343,trade
2024-01-01 09:30:37,MSFT,300.01,436,299.99,300.03,160,416,trade
2024-01-01 09:30:38,MSFT,300.0,656,299.98,300.03,438,347,trade
2024-01-01 09:30:39,MSFT,299.99,383,299.98,300.01,405,285,trade
2024-01-01 09:30:40,MSFT,299.99,695,299.97,300.01,188,356,trade
2024-01-01 09:30:41,MSFT,299.99,152,299.98,300.0,320,482,trade
2024-01-01 09:30:42,MSFT,299.97,795,299.96,299.99,197,374,trade
2024-01-01 09:30:43,MSFT,299.97,326,299.94,299.99,391,256,trade
2024-01-01 09:30:44,MSFT,299.96,355,299.93,299.98,190,185,trade
2024-01-01 09:30:45,MSFT,299.96,506,299.94,299.98,441,482,trade
2024-01-01 09:30:46,MSFT,299.94,391,299.93,299.95,260,494,trade
2024-01-01 09:30:47,MSFT,299.93,232,299.91,299.96,270,456,trade
2024-01-01 09:30:48,MSFT,299.94,200,299.93,299.95,403,316,trade
2024-01-01 09:30:49,MSFT,299.93,184,299.91,299.96,350,341,trade
2024-01-01 09:30:50,MSFT,299.96,659,299.94,299.98,313,137,trade
2024-01-01 09:30:51,MSFT,299.97,490,299.96,299.98,296,342,trade
2024-01-01 09:30:52,MSFT,299.96,304,299.96,299.97,154,409,trade
2024-01-01 09:30:53,MSFT,299.97,330,299.96,299.98,346,242,trade
2024-01-01 09:30:54,MSFT,299.98,878,299.97,299.99,462,471,trade
2024-01-01 09:30:55,MSFT,299.97,313,299.95,299.99,448,327,trade
2024-01-01 09:30:56,MSFT,299.97,532,299.94,299.99,487,182,trade
2024-01-01 09:30:57,MSFT,299.97,380,299.95,299.99,290,283,trade
2024-01-01 09:30:58,MSFT,299.96,902,299.94,299.98,331,141,trade
2024-01-01 09:30:59,MSFT,299.96,349,299.95,299.97,357,375,trade
2024-01-01 09:31:00,MSFT,299.97,975,299.95,299.99,417,294,trade
2024-01-01 09:31:01,MSFT,299.98,859,299.97,299.99,484,400,trade
2024-01-01 09:31:02,MSFT,299.98,669,299.96,300.0,250,261,trade
2024-01-01 09:31:03,MSFT,300.0,540,299.98,300.02,401,195,trade
2024-01-01 09:31:04,MSFT,300.0,269,299.99,300.01,352,268,trade
2024-01-01 09:31:05,MSFT,299.99,538,299.98,300.0,308,473,trade
2024-01-01 09:31:06,MSFT,299.99,270,299.98,299.99,117,382,trade
2024-01-01 09:31:07,MSFT,299.99,356,299.98,300.0,451,130,trade
2024-01-01 09:31:08,MSFT,300.0,955,299.97,300.02,314,204,trade
2024-01-01 09:31:09,MSFT,299.98,928,299.97,299.99,440,176,trade
2024-01-01 09:31:10,MSFT,299.98,379,299.98,299.99,145,232,trade
2024-01-01 09:31:11,MSFT,299.98,122,299.96,300.0,308,159,trade
2024-01-01 09:31:12,MSFT,299.98,415,299.97,300.0,165,226,trade
2024-01-01 09:31:13,MSFT,300.0,147,299.98,300.03,285,205,trade
2024-01-01 09:31:14,MSFT,299.99,842,299.97,300.01,421,308,trade
2024-01-01 09:31:15,MSFT,299.99,243,299.98,300.01,460,112,trade
2024-01-01 09:31:16,MSFT,300.01,242,299.99,300.03,425,420,trade
2024-01-01 09:31:17,MSFT,300.0,380,299.98,300.02,155,186,trade
2024-01-01 09:31:18,MSFT,299.98,368,299.98,299.99,488,443,trade
2024-01-01 09:31:19,MSFT,300.0,228,299.99,300.02,137,462,trade
2024-01-01 09:31:20,MSFT,300.0,554,300.0,300.01,303,232,trade
2024-01-01 09:31:21,MSFT,299.99,156,299.97,300.0,196,327,trade
2024-01-01 09:31:22,MSFT,299.98,640,299.96,300.01,457,237,trade
2024-01-01 09:31:23,MSFT,300.0,814,299.98,300.02,130,276,trade
2024-01-01 09:31:24,MSFT,300.0,419,299.98,300.01,354,313,trade
2024-01-01 09:31:25,MSFT,299.99,829,299.97,300.01,219,343,trade
2024-01-01 09:31:26,MSFT,300.01,363,300.0,300.01,420,404,trade
2024-01-01 09:31:27,MSFT,300.0,405,299.99,300.01,482,152,trade
2024-01-01 09:31:28,MSFT,300.01,894,299.99,300.04,117,343,trade
2024-01-01 09:31:29,MSFT,300.02,545,300.02,300.03,192,305,trade
2024-01-01 09:31:30,MSFT,300.02,893,300.0,300.04,423,403,trade
2024-01-01 09:31:31,MSFT,300.03,413,300.02,300.04,129,278,trade
2024-01-01 09:31:32,MSFT,300.02,563,300.0,300.05,313,434,trade
2024-01-01 09:31:33,MSFT,300.03,494,300.02,300.04,191,332,trade
2024-01-01 09:31:34,MSFT,300.03,917,300.02,300.04,215,269,trade
2024-01-01 09:31:35,MSFT,300.04,641,300.03,300.06,308,182,trade
2024-01-01 09:31:36,MSFT,300.03,865,300.01,300.05,116,418,trade
2024-01-01 09:31:37,MSFT,300.03,923,300.02,300.03,453,338,trade
2024-01-01 09:31:38,MSFT,300.03,833,300.02,300.04,489,410,trade
2024-01-01 09:31:39,MSFT,300.02,666,300.01,300.03,115,219,trade
2024-01-01 09:31:40,MSFT,300.02,809,299.99,300.04,182,277,trade
2024-01-01 09:31:41,MSFT,300.01,772,299.99,300.03,325,309,trade
2024-01-01 09:31:42,MSFT,300.02,582,300.01,300.03,337,371,trade
2024-01-01 09:31:43,MSFT,300.01,808,300.0,300.03,261,142,trade
2024-01-01 09:31:44,MSFT,300.0,763,299.98,300.02,196,228,trade
2024-01-01 09:31:45,MSFT,299.99,168,299.97,300.01,172,191,trade
2024-01-01 09:31:46,MSFT,300.01,154,300.0,300.02,136,461,trade
2024-01-01 09:31:47,MSFT,300.01,173,299.98,300.03,340,254,trade
2024-01-01 09:31:48,MSFT,300.0,187,299.98,300.03,457,124,trade
2024-01-01 09:31:49,MSFT,299.99,655,299.98,300.0,487,483,trade
2024-01-01 09:31:50,MSFT,300.02,586,300.01,300.02,459,297,trade
2024-01-01 09:31:51,MSFT,300.03,642,300.01,300.05,341,348,trade
2024-01-01 09:31:52,MSFT,300.03,476,300.01,300.05,109,160,trade
2024-01-01 09:31:53,MSFT,300.04,324,300.01,300.06,379,265,trade
2024-01-01 09:31:54,MSFT,300.03,568,300.01,300.06,354,126,trade
2024-01-01 09:31:55,MSFT,300.02,181,300.01,300.03,433,143,trade
2024-01-01 09:31:56,MSFT,300.0,507,299.99,300.01,400,315,trade
2024-01-01 09:31:57,MSFT,300.01,462,300.01,300.02,227,438,trade
2024-01-01 09:31:58,MSFT,300.01,531,299.99,300.04,366,391,trade
2024-01-01 09:31:59,MSFT,300.03,943,300.02,300.03,107,456,trade
2024-01-01 09:32:00,MSFT,300.03,978,300.01,300.04,394,417,trade
2024-01-01 09:32:01,MSFT,300.04,127,300.02,300.05,423,330,trade
2024-01-01 09:32:02,MSFT,300.02,303,300.02,300.03,353,393,trade
2024-01-01 09:32:03,MSFT,300.02,524,300.01,300.04,203,369,trade
2024-01-01 09:32:04,MSFT,300.04,429,300.03,300.05,190,319,trade
2024-01-01 09:32:05,MSFT,300.04,993,300.04,300.05,377,489,trade
2024-01-01 09:32:06,MSFT,300.04,531,300.01,300.06,361,203,trade
2024-01-01 09:32:07,MSFT,300.04,614,300.02,300.06,429,353,trade
2024-01-01 09:32:08,MSFT,300.04,468,300.03,300.04,444,475,trade
2024-01-01 09:32:09,MSFT,300.03,873,300.01,300.05,249,359,trade
2024-01-01 09:32:10,MSFT,300.02,346,300.01,300.03,351,380,trade
2024-01-01 09:32:11,MSFT,300.01,394,299.99,300.03,359,382,trade
2024-01-01 09:32:12,MSFT,300.0,903,299.98,300.03,151,192,trade
2024-01-01 09:32:13,MSFT,300.0,352,299.98,300.03,291,343,trade
2024-01-01 09:32:14,MSFT,300.0,628,299.98,300.02,240,319,trade
2024-01-01 09:32:15,MSFT,300.01,398,300.0,300.02,146,300,trade
2024-01-01 09:32:16,MSFT,300.0,313,299.97,300.02,271,337,trade
2024-01-01 09:32:17,MSFT,300.0,394,299.99,300.01,202,254,trade
2024-01-01 09:32:18,MSFT,300.0,609,299.99,300.0,448,402,trade
2024-01-01 09:32:19,MSFT,300.0,885,299.99,300.02,300,121,trade
2024-01-01 09:32:20,MSFT,300.0,121,299.99,300.01,292,277,trade
2024-01-01 09:32:21,MSFT,300.02,824,300.01,300.03,260,309,trade
2024-01-01 09:32:22,MSFT,300.02,430,299.99,300.04,449,464,trade
2024-01-01 09:32:23,MSFT,300.03,812,300.01,300.04,350,101,trade
2024-01-01 09:32:24,MSFT,300.04,654,300.04,300.05,130,469,trade
2024-01-01 09:32:25,MSFT,300.04,513,300.03,300.05,366,158,trade
2024-01-01 09:32:26,MSFT,300.04,932,300.03,300.05,460,223,trade
2024-01-01 09:32:27,MSFT,300.04,195,300.02,300.05,126,439,trade
2024-01-01 09:32:28,MSFT,300.05,402,300.04,300.05,119,131,trade
2024-01-01 09:32:29,MSFT,300.05,553,300.04,300.06,480,252,trade
2024-01-01 09:32:30,MSFT,300.04,215,300.03,300.06,491,279,trade
2024-01-01 09:32:31,MSFT,300.04,880,300.03,300.05,101,260,trade
2024-01-01 09:32:32,MSFT,300.04,225,300.02,300.06,303,443,trade
2024-01-01 09:32:33,MSFT,300.04,895,300.02,300.05,314,361,trade
2024-01-01 09:32:34,MSFT,300.04,719,300.03,300.05,323,369,trade
2024-01-01 09:32:35,MSFT,300.04,493,300.03,300.05,416,101,trade
2024-01-01 09:32:36,MSFT,300.03,350,300.01,300.04,336,464,trade
2024-01-01 09:32:37,MSFT,300.04,540,300.04,300.05,125,390,trade
2024-01-01 09:32:38,MSFT,300.03,630,300.02,300.04,184,479,trade
2024-01-01 09:32:39,MSFT,300.04,556,300.02,300.05,221,145,trade
2024-01-01 09:32:40,MSFT,300.07,631,300.06,300.08,111,482,trade
2024-01-01 09:32:41,MSFT,300.07,658,300.05,300.09,388,142,trade
2024-01-01 09:32:42,MSFT,300.08,682,300.07,300.09,365,110,trade
2024-01-01 09:32:43,MSFT,300.07,800,300.05,300.09,170,230,trade
2024-01-01 09:32:44,MSFT,300.08,430,300.06,300.09,106,416,trade
2024-01-01 09:32:45,MSFT,300.07,371,300.05,300.09,197,214,trade
2024-01-01 09:32:46,MSFT,300.07,425,300.06,300.08,321,190,trade
2024-01-01 09:32:47,MSFT,300.05,758,300.03,300.07,407,472,trade
2024-01-01 09:32:48,MSFT,300.03,521,300.02,300.05,296,354,trade
2024-01-01 09:32:49,MSFT,300.05,676,300.03,300.06,120,153,trade
2024-01-01 09:32:50,MSFT,300.02,489,300.0,300.04,410,430,trade
2024-01-01 09:32:51,MSFT,300.02,257,300.0,300.04,484,375,trade
2024-01-01 09:32:52,MSFT,300.02,432,300.0,300.04,298,261,trade
2024-01-01 09:32:53,MSFT,300.02,819,300.0,300.03,165,162,trade
2024-01-01 09:32:54,MSFT,300.01,168,299.98,300.03,126,468,trade
2024-01-01 09:32:55,MSFT,300.02,355,300.01,300.03,263,122,trade
2024-01-01 09:32:56,MSFT,300.01,176,299.99,300.03,209,432,trade
2024-01-01 09:32:57,MSFT,300.01,248,300.0,300.03,365,405,trade
2024-01-01 09:32:58,MSFT,300.02,727,300.02,300.03,246,167,trade
2024-01-01 09:32:59,MSFT,300.03,139,300.01,300.05,418,100,trade
2024-01-01 09:33:00,MSFT,300.04,819,300.03,300.05,370,488,trade
2024-01-01 09:33:01,MSFT,300.03,984,300.02,300.04,476,239,trade
2024-01-01 09:33:02,MSFT,300.04,418,300.03,300.04,342,306,trade
2024-01-01 09:33:03,MSFT,300.03,911,300.01,300.05,212,413,trade
2024-01-01 09:33:04,MSFT,300.04,813,300.03,300.04,293,430,trade
2024-01-01 09:33:05,MSFT,300.01,908,300.0,300.02,323,441,trade
2024-01-01 09:33:06,MSFT,300.01,548,299.99,300.02,413,102,trade
2024-01-01 09:33:07,MSFT,300.01,187,299.98,300.03,114,498,trade
2024-01-01 09:33:08,MSFT,300.01,424,299.99,300.03,393,214,trade
2024-01-01 09:33:09,MSFT,300.0,774,299.98,300.02,283,276,trade
2024-01-01 09:33:10,MSFT,299.99,180,299.99,300.0,346,311,trade
2024-01-01 09:33:11,MSFT,299.98,810,299.96,300.0,376,310,trade
2024-01-01 09:33:12,MSFT,299.98,628,299.95,300.0,349,300,trade
2024-01-01 09:33:13,MSFT,299.96,798,299.95,299.98,317,446,trade
2024-01-01 09:33:14,MSFT,299.97,566,299.96,299.97,303,326,trade
2024-01-01 09:33:15,MSFT,299.96,874,299.94,299.98,438,111,trade
2024-01-01 09:33:16,MSFT,299.95,219,299.94,299.96,194,171,trade
2024-01-01 09:33:17,MSFT,299.95,609,299.93,299.96,254,213,trade
2024-01-01 09:33:18,MSFT,299.95,661,299.94,299.96,257,317,trade
2024-01-01 09:33:19,MSFT,299.94,852,299.93,299.96,164,339,trade
2024-01-01 09:33:20,MSFT,299.95,173,299.94,299.97,361,119,trade
2024-01-01 09:33:21,MSFT,299.94,610,299.93,299.95,185,393,trade
2024-01-01 09:33:22,MSFT,299.95,875,299.94,299.96,249,300,trade
2024-01-01 09:33:23,MSFT,299.96,899,299.95,299.97,256,170,trade
2024-01-01 09:33:24,MSFT,299.97,957,299.95,300.0,393,142,trade
2024-01-01 09:33:25,MSFT,299.98,617,299.98,299.99,470,459,trade
2024-01-01 09:33:26,MSFT,299.98,297,299.97,299.99,380,291,trade
2024-01-01 09:33:27,MSFT,300.0,254,299.99,300.0,117,476,trade
2024-01-01 09:33:28,MSFT,299.99,249,299.98,300.01,429,324,trade
2024-01-01 09:33:29,MSFT,300.0,225,299.99,300.01,300,408,trade
2024-01-01 09:33:30,MSFT,299.99,712,299.98,300.01,447,212,trade
2024-01-01 09:33:31,MSFT,299.98,331,299.96,299.99,302,157,trade
2024-01-01 09:33:32,MSFT,299.98,735,299.97,299.99,289,319,trade
2024-01-01 09:33:33,MSFT,299.98,757,299.96,300.0,422,370,trade
2024-01-01 09:33:34,MSFT,299.98,481,299.96,300.0,269,221,trade
2024-01-01 09:33:35,MSFT,299.99,583,299.96,300.01,415,387,trade
2024-01-01 09:33:36,MSFT,299.98,789,299.96,300.0,102,418,trade
2024-01-01 09:33:37,MSFT,299.98,693,299.97,299.99,161,473,trade
2024-01-01 09:33:38,MSFT,299.99,521,299.97,300.01,174,121,trade
2024-01-01 09:33:39,MSFT,300.0,517,299.99,300.01,154,193,trade
2024-01-01 09:33:40,MSFT,299.99,693,299.97,300.01,108,200,trade
2024-01-01 09:33:41,MSFT,300.0,870,299.98,300.01,421,496,trade
2024-01-01 09:33:42,MSFT,299.98,890,299.96,299.99,124,288,trade
2024-01-01 09:33:43,MSFT,299.99,972,299.98,300.0,492,333,trade
2024-01-01 09:33:44,MSFT,300.0,103,299.97,300.02,119,317,trade
2024-01-01 09:33:45,MSFT,299.99,474,299.98,300.0,428,106,trade
2024-01-01 09:33:46,MSFT,299.99,390,299.97,300.01,367,102,trade
2024-01-01 09:33:47,MSFT,299.98,361,299.96,300.0,469,136,trade
2024-01-01 09:33:48,MSFT,299.98,252,299.98,299.99,206,388,trade
2024-01-01 09:33:49,MSFT,300.0,716,299.99,300.01,360,443,trade
2024-01-01 09:33:50,MSFT,300.0,253,299.98,300.02,392,245,trade
2024-01-01 09:33:51,MSFT,300.0,857,299.99,300.02,326,244,trade
2024-01-01 09:33:52,MSFT,300.0,323,299.99,300.01,499,369,trade
2024-01-01 09:33:53,MSFT,299.98,502,299.96,300.01,211,407,trade
2024-01-01 09:33:54,MSFT,299.98,735,299.96,300.01,418,289,trade
2024-01-01 09:33:55,MSFT,299.98,778,299.96,300.0,255,398,trade
2024-01-01 09:33:56,MSFT,299.99,423,299.98,300.01,495,282,trade
2024-01-01 09:33:57,MSFT,300.0,550,299.98,300.02,367,488,trade
2024-01-01 09:33:58,MSFT,300.01,754,300.0,300.03,310,451,trade
2024-01-01 09:33:59,MSFT,300.01,527,299.99,300.02,119,180,trade
2024-01-01 09:34:00,MSFT,300.0,379,300.0,300.01,341,408,trade
2024-01-01 09:34:01,MSFT,300.0,452,299.99,300.02,238,441,trade
2024-01-01 09:34:02,MSFT,300.0,632,300.0,300.01,420,233,trade
2024-01-01 09:34:03,MSFT,300.01,352,299.99,300.03,219,198,trade
2024-01-01 09:34:04,MSFT,299.99,614,299.97,300.02,464,341,trade
2024-01-01 09:34:05,MSFT,299.99,737,299.96,300.01,393,292,trade
2024-01-01 09:34:06,MSFT,299.98,571,299.97,299.99,429,421,trade
2024-01-01 09:34:07,MSFT,299.97,734,299.97,299.98,354,424,trade
2024-01-01 09:34:08,MSFT,299.96,907,299.95,299.98,357,443,trade
2024-01-01 09:34:09,MSFT,299.96,776,299.95,299.98,176,246,trade
2024-01-01 09:34:10,MSFT,299.96,913,299.96,299.97,230,445,trade
2024-01-01 09:34:11,MSFT,299.97,923,299.96,299.99,170,393,trade
2024-01-01 09:34:12,MSFT,299.97,377,299.96,299.98,490,193,trade
2024-01-01 09:34:13,MSFT,299.96,964,299.94,299.98,116,269,trade
2024-01-01 09:34:14,MSFT,299.96,779,299.95,299.98,161,273,trade
2024-01-01 09:34:15,MSFT,299.96,942,299.94,299.98,361,271,trade
2024-01-01 09:34:16,MSFT,299.96,164,299.94,299.98,167,161,trade
2024-01-01 09:34:17,MSFT,299.96,389,299.94,299.98,414,378,trade
2024-01-01 09:34:18,MSFT,299.97,205,299.94,299.99,100,262,trade
2024-01-01 09:34:19,MSFT,299.96,304,299.93,299.98,348,188,trade
2024-01-01 09:34:20,MSFT,299.97,287,299.95,299.99,151,151,trade
2024-01-01 09:34:21,MSFT,299.97,770,299.95,299.99,314,179,trade
2024-01-01 09:34:22,MSFT,299.97,774,299.95,299.99,224,296,trade
2024-01-01 09:34:23,MSFT,299.97,556,299.95,300.0,352,201,trade
2024-01-01 09:34:24,MSFT,299.98,488,299.97,299.98,168,147,trade
2024-01-01 09:34:25,MSFT,299.98,531,299.96,299.99,313,123,trade
2024-01-01 09:34:26,MSFT,299.95,288,299.94,299.96,432,397,trade
2024-01-01 09:34:27,MSFT,299.93,486,299.91,299.95,317,327,trade
2024-01-01 09:34:28,MSFT,299.92,722,299.91,299.93,220,349,trade
2024-01-01 09:34:29,MSFT,299.94,757,299.93,299.95,478,365,trade
2024-01-01 09:34:30,MSFT,299.95,520,299.94,299.96,283,422,trade
2024-01-01 09:34:31,MSFT,299.94,980,299.93,299.96,222,156,trade
2024-01-01 09:34:32,MSFT,299.96,785,299.95,299.96,340,242,trade
2024-01-01 09:34:33,MSFT,299.96,847,299.95,299.98,372,391,trade
2024-01-01 09:34:34,MSFT,299.95,977,299.93,299.97,253,121,trade
2024-01-01 09:34:35,MSFT,299.95,126,299.93,299.96,246,227,trade
2024-01-01 09:34:36,MSFT,299.94,804,299.92,299.97,111,283,trade
2024-01-01 09:34:37,MSFT,299.95,388,299.92,299.97,313,396,trade
2024-01-01 09:34:38,MSFT,299.94,939,299.94,299.95,151,158,trade
2024-01-01 09:34:39,MSFT,299.96,113,299.93,299.98,388,411,trade
2024-01-01 09:34:40,MSFT,299.95,189,299.93,299.97,227,473,trade
2024-01-01 09:34:41,MSFT,299.96,430,299.95,299.98,463,443,trade
2024-01-01 09:34:42,MSFT,299.97,524,299.95,299.99,136,152,trade
2024-01-01 09:34:43,MSFT,299.98,804,299.96,300.0,360,151,trade
2024-01-01 09:34:44,MSFT,299.98,102,299.96,299.99,355,438,trade
2024-01-01 09:34:45,MSFT,299.98,969,299.97,299.99,473,172,trade
2024-01-01 09:34:46,MSFT,299.99,193,299.98,300.0,430,388,trade
2024-01-01 09:34:47,MSFT,299.99,223,299.97,300.01,292,152,trade
2024-01-01 09:34:48,MSFT,299.98,452,299.96,299.99,112,180,trade
2024-01-01 09:34:49,MSFT,299.97,915,299.95,299.98,165,467,trade
2024-01-01 09:34:50,MSFT,299.97,729,299.96,299.98,225,456,trade
2024-01-01 09:34:51,MSFT,299.98,384,299.97,299.99,287,142,trade
2024-01-01 09:34:52,MSFT,299.98,379,299.97,300.0,359,447,trade
2024-01-01 09:34:53,MSFT,299.98,406,299.97,299.99,183,101,trade
2024-01-01 09:34:54,MSFT,299.97,257,299.96,299.99,493,119,trade
2024-01-01 09:34:55,MSFT,299.97,152,299.96,299.99,321,344,trade
2024-01-01 09:34:56,MSFT,299.97,848,299.94,299.99,155,328,trade
2024-01-01 09:34:57,MSFT,299.97,616,299.95,300.0,330,403,trade
2024-01-01 09:34:58,MSFT,299.98,847,299.97,299.99,282,175,trade
2024-01-01 09:34:59,MSFT,299.97,781,299.96,299.98,217,404,trade
2024-01-01 09:35:00,MSFT,299.97,363,299.95,299.99,190,189,trade
2024-01-01 09:35:01,MSFT,299.99,892,299.98,299.99,258,246,trade
2024-01-01 09:35:02,MSFT,299.97,926,299.95,300.0,169,355,trade
2024-01-01 09:35:03,MSFT,299.97,210,299.96,299.99,430,299,trade
2024-01-01 09:35:04,MSFT,299.98,419,299.97,299.98,362,289,trade
2024-01-01 09:35:05,MSFT,299.98,370,299.96,299.99,179,360,trade
2024-01-01 09:35:06,MSFT,299.98,331,299.97,299.98,426,428,trade
2024-01-01 09:35:07,MSFT,299.97,494,299.95,299.98,353,352,trade
2024-01-01 09:35:08,MSFT,299.98,858,299.97,299.99,465,257,trade
2024-01-01 09:35:09,MSFT,299.97,291,299.96,299.99,344,324,trade
2024-01-01 09:35:10,MSFT,299.98,502,299.97,300.0,380,493,trade
2024-01-01 09:35:11,MSFT,299.97,290,299.95,299.99,326,133,trade
2024-01-01 09:35:12,MSFT,299.97,214,299.95,299.98,171,440,trade
2024-01-01 09:35:13,MSFT,299.96,681,299.94,299.97,210,140,trade
2024-01-01 09:35:14,MSFT,299.96,915,299.95,299.97,162,406,trade
2024-01-01 09:35:15,MSFT,299.96,854,299.94,299.98,380,103,trade
2024-01-01 09:35:16,MSFT,299.97,652,299.95,299.99,179,178,trade
2024-01-01 09:35:17,MSFT,299.96,980,299.95,299.97,396,347,trade
2024-01-01 09:35:18,MSFT,299.95,905,299.94,299.96,387,457,trade
2024-01-01 09:35:19,MSFT,299.94,815,299.93,299.96,130,122,trade
2024-01-01 09:35:20,MSFT,299.94,790,299.92,299.97,498,112,trade
2024-01-01 09:35:21,MSFT,299.94,840,299.92,299.95,130,152,trade
2024-01-01 09:35:22,MSFT,299.94,678,299.92,299.96,215,290,trade
2024-01-01 09:35:23,MSFT,299.94,420,299.92,299.96,325,182,trade
2024-01-01 09:35:24,MSFT,299.94,424,299.92,299.95,328,264,trade
2024-01-01 09:35:25,MSFT,299.93,495,299.92,299.94,419,274,trade
2024-01-01 09:35:26,MSFT,299.93,462,299.92,299.94,275,458,trade
2024-01-01 09:35:27,MSFT,299.94,406,299.94,299.95,195,121,trade
2024-01-01 09:35:28,MSFT,299.95,410,299.93,299.98,284,310,trade
2024-01-01 09:35:29,MSFT,299.96,245,299.95,299.98,336,295,trade
2024-01-01 09:35:30,MSFT,299.95,835,299.94,299.96,224,392,trade
2024-01-01 09:35:31,MSFT,299.95,372,299.93,299.97,377,265,trade
2024-01-01 09:35:32,MSFT,299.94,227,299.93,299.95,201,277,trade
2024-01-01 09:35:33,MSFT,299.94,167,299.92,299.96,299,150,trade
2024-01-01 09:35:34,MSFT,299.94,638,299.92,299.95,329,228,trade
2024-01-01 09:35:35,MSFT,299.92,309,299.92,299.93,426,468,trade
2024-01-01 09:35:36,MSFT,299.93,680,299.93,299.94,102,482,trade
2024-01-01 09:35:37,MSFT,299.94,806,299.92,299.96,494,419,trade
2024-01-01 09:35:38,MSFT,299.95,948,299.93,299.96,152,164,trade
2024-01-01 09:35:39,MSFT,299.95,927,299.93,299.96,388,420,trade
2024-01-01 09:35:40,MSFT,299.97,788,299.94,299.99,382,396,trade
2024-01-01 09:35:41,MSFT,299.97,277,299.95,299.98,478,181,trade
2024-01-01 09:35:42,MSFT,299.97,562,299.95,299.99,331,362,trade
2024-01-01 09:35:43,MSFT,299.97,267,299.96,299.99,284,300,trade
2024-01-01 09:35:44,MSFT,299.96,950,299.95,299.97,467,354,trade
2024-01-01 09:35:45,MSFT,299.94,431,299.92,299.95,440,403,trade
2024-01-01 09:35:46,MSFT,299.93,197,299.93,299.94,165,216,trade
2024-01-01 09:35:47,MSFT,299.95,309,299.94,299.95,156,346,trade
2024-01-01 09:35:48,MSFT,299.94,568,299.93,299.95,384,230,trade
2024-01-01 09:35:49,MSFT,299.95,400,299.94,299.97,352,333,trade
2024-01-01 09:35:50,MSFT,299.95,313,299.93,299.96,219,315,trade
2024-01-01 09:35:51,MSFT,299.96,191,299.95,299.97,131,102,trade
2024-01-01 09:35:52,MSFT,299.98,242,299.97,299.98,102,256,trade
2024-01-01 09:35:53,MSFT,299.97,806,299.95,299.99,353,143,trade
2024-01-01 09:35:54,MSFT,299.94,897,299.92,299.96,293,264,trade
2024-01-01 09:35:55,MSFT,299.94,400,299.93,299.96,490,263,trade
2024-01-01 09:35:56,MSFT,299.96,804,299.95,299.97,111,246,trade
2024-01-01 09:35:57,MSFT,299.94,403,299.92,299.96,285,230,trade
2024-01-01 09:35:58,MSFT,299.96,280,299.93,299.98,266,406,trade
2024-01-01 09:35:59,MSFT,299.94,634,299.92,299.95,230,271,trade
2024-01-01 09:36:00,MSFT,299.96,634,299.94,299.97,167,310,trade
2024-01-01 09:36:01,MSFT,299.96,348,299.93,299.98,226,173,trade
2024-01-01 09:36:02,MSFT,299.94,347,299.93,299.95,338,384,trade
2024-01-01 09:36:03,MSFT,299.95,106,299.94,299.96,281,239,trade
2024-01-01 09:36:04,MSFT,299.94,254,299.93,299.95,276,113,trade
2024-01-01 09:36:05,MSFT,299.94,220,299.92,299.96,197,424,trade
2024-01-01 09:36:06,MSFT,299.95,113,299.93,299.96,352,310,trade
2024-01-01 09:36:07,MSFT,299.96,998,299.94,299.98,192,236,trade
2024-01-01 09:36:08,MSFT,299.96,788,299.94,299.98,207,402,trade
2024-01-01 09:36:09,MSFT,299.96,679,299.94,299.98,357,281,trade
2024-01-01 09:36:10,MSFT,299.96,248,299.94,299.97,416,122,trade
2024-01-01 09:36:11,MSFT,299.96,507,299.94,299.98,349,305,trade
2024-01-01 09:36:12,MSFT,299.95,591,299.94,299.96,131,489,trade
2024-01-01 09:36:13,MSFT,299.95,735,299.93,299.97,139,245,trade
2024-01-01 09:36:14,MSFT,299.95,958,299.94,299.97,194,331,trade
2024-01-01 09:36:15,MSFT,299.94,874,299.93,299.94,327,390,trade
2024-01-01 09:36:16,MSFT,299.93,117,299.92,299.95,435,101,trade
2024-01-01 09:36:17,MSFT,299.92,780,299.9,299.94,184,212,trade
2024-01-01 09:36:18,MSFT,299.92,698,299.9,299.94,105,385,trade
2024-01-01 09:36:19,MSFT,299.92,211,299.89,299.94,406,403,trade
2024-01-01 09:36:20,MSFT,299.89,109,299.89,299.9,478,469,trade
2024-01-01 09:36:21,MSFT,299.89,921,299.88,299.91,477,313,trade
2024-01-01 09:36:22,MSFT,299.92,407,299.91,299.92,405,444,trade
2024-01-01 09:36:23,MSFT,299.91,705,299.9,299.92,499,359,trade
2024-01-01 09:36:24,MSFT,299.91,643,299.9,299.92,312,392,trade
2024-01-01 09:36:25,MSFT,299.9,985,299.89,299.91,136,178,trade
2024-01-01 09:36:26,MSFT,299.9,638,299.89,299.9,443,414,trade
2024-01-01 09:36:27,MSFT,299.89,817,299.87,299.91,211,359,trade
2024-01-01 09:36:28,MSFT,299.88,561,299.86,299.91,257,366,trade
2024-01-01 09:36:29,MSFT,299.88,846,299.87,299.9,362,384,trade
2024-01-01 09:36:30,MSFT,299.89,567,299.87,299.91,467,417,trade
2024-01-01 09:36:31,MSFT,299.9,339,299.87,299.92,455,491,trade
2024-01-01 09:36:32,MSFT,299.89,552,299.88,299.9,323,196,trade
2024-01-01 09:36:33,MSFT,299.9,253,299.88,299.92,187,101,trade
2024-01-01 09:36:34,MSFT,299.89,648,299.87,299.91,233,366,trade
2024-01-01 09:36:35,MSFT,299.88,903,299.87,299.89,491,497,trade
2024-01-01 09:36:36,MSFT,299.85,302,299.84,299.87,479,260,trade
2024-01-01 09:36:37,MSFT,299.84,952,299.83,299.85,268,390,trade
2024-01-01 09:36:38,MSFT,299.82,218,299.8,299.84,306,252,trade
2024-01-01 09:36:39,MSFT,299.84,462,299.84,299.85,237,420,trade
2024-01-01 09:36:40,MSFT,299.84,812,299.83,299.85,364,214,trade
2024-01-01 09:36:41,MSFT,299.82,946,299.8,299.83,213,371,trade
2024-01-01 09:36:42,MSFT,299.82,597,299.8,299.84,166,112,trade
2024-01-01 09:36:43,MSFT,299.81,988,299.78,299.83,392,320,trade
2024-01-01 09:36:44,MSFT,299.8,455,299.78,299.81,116,233,trade
2024-01-01 09:36:45,MSFT,299.79,218,299.78,299.8,310,326,trade
2024-01-01 09:36:46,MSFT,299.77,179,299.76,299.78,171,182,trade
2024-01-01 09:36:47,MSFT,299.77,358,299.75,299.8,499,149,trade
2024-01-01 09:36:48,MSFT,299.76,246,299.75,299.78,225,323,trade
2024-01-01 09:36:49,MSFT,299.75,193,299.74,299.76,144,272,trade
2024-01-01 09:36:50,MSFT,299.74,904,299.73,299.74,231,126,trade
2024-01-01 09:36:51,MSFT,299.74,292,299.73,299.76,275,267,trade
2024-01-01 09:36:52,MSFT,299.74,818,299.73,299.75,156,246,trade
2024-01-01 09:36:53,MSFT,299.72,851,299.72,299.73,309,270,trade
2024-01-01 09:36:54,MSFT,299.74,486,299.72,299.76,418,446,trade
2024-01-01 09:36:55,MSFT,299.73,204,299.71,299.74,440,308,trade
2024-01-01 09:36:56,MSFT,299.71,750,299.69,299.72,361,132,trade
2024-01-01 09:36:57,MSFT,299.72,453,299.69,299.74,484,329,trade
2024-01-01 09:36:58,MSFT,299.71,802,299.69,299.73,364,415,trade
2024-01-01 09:36:59,MSFT,299.71,204,299.69,299.72,245,153,trade
2024-01-01 09:37:00,MSFT,299.69,514,299.68,299.7,331,414,trade
2024-01-01 09:37:01,MSFT,299.7,537,299.69,299.7,221,123,trade
2024-01-01 09:37:02,MSFT,299.7,780,299.68,299.72,353,275,trade
2024-01-01 09:37:03,MSFT,299.7,321,299.69,299.71,131,362,trade
2024-01-01 09:37:04,MSFT,299.7,394,299.68,299.72,251,423,trade
2024-01-01 09:37:05,MSFT,299.7,443,299.68,299.71,150,445,trade
2024-01-01 09:37:06,MSFT,299.71,669,299.69,299.73,293,427,trade
2024-01-01 09:37:07,MSFT,299.7,649,299.68,299.73,448,447,trade
2024-01-01 09:37:08,MSFT,299.7,114,299.69,299.71,395,487,trade
2024-01-01 09:37:09,MSFT,299.71,665,299.69,299.73,144,230,trade
2024-01-01 09:37:10,MSFT,299.73,872,299.71,299.74,300,243,trade
2024-01-01 09:37:11,MSFT,299.72,765,299.7,299.73,396,384,trade
2024-01-01 09:37:12,MSFT,299.72,148,299.72,299.73,292,414,trade
2024-01-01 09:37:13,MSFT,299.74,456,299.73,299.74,111,496,trade
2024-01-01 09:37:14,MSFT,299.73,253,299.73,299.74,498,454,trade
2024-01-01 09:37:15,MSFT,299.75,158,299.74,299.76,237,241,trade
2024-01-01 09:37:16,MSFT,299.76,457,299.74,299.79,349,193,trade
2024-01-01 09:37:17,MSFT,299.77,381,299.76,299.79,466,217,trade
2024-01-01 09:37:18,MSFT,299.76,500,299.75,299.77,158,185,trade
2024-01-01 09:37:19,MSFT,299.77,277,299.76,299.79,279,103,trade
2024-01-01 09:37:20,MSFT,299.79,386,299.78,299.8,313,183,trade
2024-01-01 09:37:21,MSFT,299.78,701,299.76,299.81,233,249,trade
2024-01-01 09:37:22,MSFT,299.8,994,299.78,299.82,466,178,trade
2024-01-01 09:37:23,MSFT,299.79,691,299.77,299.81,168,113,trade
2024-01-01 09:37:24,MSFT,299.81,737,299.8,299.82,335,237,trade
2024-01-01 09:37:25,MSFT,299.8,716,299.79,299.81,125,150,trade
2024-01-01 09:37:26,MSFT,299.78,223,299.76,299.81,115,134,trade
2024-01-01 09:37:27,MSFT,299.79,217,299.78,299.79,181,218,trade
2024-01-01 09:37:28,MSFT,299.77,782,299.77,299.78,446,178,trade
2024-01-01 09:37:29,MSFT,299.79,420,299.78,299.8,274,190,trade
2024-01-01 09:37:30,MSFT,299.8,607,299.78,299.82,143,434,trade
2024-01-01 09:37:31,MSFT,299.79,872,299.78,299.79,343,404,trade
2024-01-01 09:37:32,MSFT,299.79,593,299.78,299.81,204,453,trade
2024-01-01 09:37:33,MSFT,299.8,591,299.79,299.81,239,412,trade
2024-01-01 09:37:34,MSFT,299.8,265,299.78,299.81,464,380,trade
2024-01-01 09:37:35,MSFT,299.81,677,299.79,299.82,233,322,trade
2024-01-01 09:37:36,MSFT,299.81,879,299.8,299.82,364,287,trade
2024-01-01 09:37:37,MSFT,299.81,906,299.79,299.83,377,164,trade
2024-01-01 09:37:38,MSFT,299.81,291,299.8,299.82,463,436,trade
2024-01-01 09:37:39,MSFT,299.81,211,299.79,299.82,439,335,trade
2024-01-01 09:37:40,MSFT,299.81,547,299.79,299.82,320,482,trade
2024-01-01 09:37:41,MSFT,299.81,465,299.8,299.81,326,205,trade
2024-01-01 09:37:42,MSFT,299.8,561,299.79,299.82,441,109,trade
2024-01-01 09:37:43,MSFT,299.8,674,299.78,299.83,423,366,trade
2024-01-01 09:37:44,MSFT,299.82,697,299.81,299.83,187,168,trade
2024-01-01 09:37:45,MSFT,299.83,955,299.8,299.85,143,490,trade
2024-01-01 09:37:46,MSFT,299.81,946,299.79,299.83,406,492,trade
2024-01-01 09:37:47,MSFT,299.81,202,299.78,299.83,133,480,trade
2024-01-01 09:37:48,MSFT,299.81,770,299.81,299.82,347,388,trade
2024-01-01 09:37:49,MSFT,299.82,441,299.81,299.83,276,131,trade
2024-01-01 09:37:50,MSFT,299.8,891,299.8,299.81,162,130,trade
2024-01-01 09:37:51,MSFT,299.8,663,299.78,299.82,146,423,trade
2024-01-01 09:37:52,MSFT,299.79,263,299.78,299.8,359,456,trade
2024-01-01 09:37:53,MSFT,299.79,176,299.78,299.8,346,322,trade
2024-01-01 09:37:54,MSFT,299.8,387,299.78,299.81,371,430,trade
2024-01-01 09:37:55,MSFT,299.81,131,299.8,299.82,404,121,trade
2024-01-01 09:37:56,MSFT,299.82,447,299.8,299.83,198,354,trade
2024-01-01 09:37:57,MSFT,299.82,980,299.8,299.83,264,412,trade
2024-01-01 09:37:58,MSFT,299.82,955,299.8,299.84,338,472,trade
2024-01-01 09:37:59,MSFT,299.84,736,299.81,299.86,319,385,trade
2024-01-01 09:38:00,MSFT,299.83,572,299.8,299.85,396,268,trade
2024-01-01 09:38:01,MSFT,299.84,660,299.83,299.84,169,444,trade
2024-01-01 09:38:02,MSFT,299.85,171,299.83,299.87,435,376,trade
2024-01-01 09:38:03,MSFT,299.85,958,299.84,299.87,362,468,trade
2024-01-01 09:38:04,MSFT,299.86,607,299.85,299.86,425,317,trade
2024-01-01 09:38:05,MSFT,299.85,502,299.83,299.87,435,107,trade
2024-01-01 09:38:06,MSFT,299.85,450,299.83,299.86,475,492,trade
2024-01-01 09:38:07,MSFT,299.84,347,299.82,299.86,321,214,trade
2024-01-01 09:38:08,MSFT,299.85,392,299.83,299.87,257,494,trade
2024-01-01 09:38:09,MSFT,299.85,823,299.83,299.86,323,398,trade
2024-01-01 09:38:10,MSFT,299.84,655,299.84,299.85,280,483,trade
2024-01-01 09:38:11,MSFT,299.83,455,299.82,299.84,369,158,trade
2024-01-01 09:38:12,MSFT,299.83,149,299.82,299.85,312,108,trade
2024-01-01 09:38:13,MSFT,299.84,155,299.83,299.84,488,435,trade
2024-01-01 09:38:14,MSFT,299.84,731,299.82,299.86,380,224,trade
2024-01-01 09:38:15,MSFT,299.84,899,299.82,299.86,310,142,trade
2024-01-01 09:38:16,MSFT,299.84,611,299.82,299.85,338,158,trade
2024-01-01 09:38:17,MSFT,299.85,265,299.84,299.87,138,485,trade
2024-01-01 09:38:18,MSFT,299.86,559,299.85,299.87,269,230,trade
2024-01-01 09:38:19,MSFT,299.85,484,299.85,299.86,136,173,trade
2024-01-01 09:38:20,MSFT,299.86,167,299.85,299.87,282,228,trade
2024-01-01 09:38:21,MSFT,299.88,886,299.86,299.89,395,122,trade
2024-01-01 09:38:22,MSFT,299.86,559,299.84,299.88,216,182,trade
2024-01-01 09:38:23,MSFT,299.86,932,299.84,299.88,144,217,trade
2024-01-01 09:38:24,MSFT,299.86,715,299.85,299.87,470,228,trade
2024-01-01 09:38:25,MSFT,299.88,990,299.87,299.9,307,194,trade
2024-01-01 09:38:26,MSFT,299.88,948,299.87,299.9,108,435,trade
2024-01-01 09:38:27,MSFT,299.88,919,299.86,299.9,362,482,trade
2024-01-01 09:38:28,MSFT,299.89,149,299.87,299.91,403,273,trade
2024-01-01 09:38:29,MSFT,299.9,480,299.88,299.92,194,408,trade
2024-01-01 09:38:30,MSFT,299.9,545,299.89,299.91,449,330,trade
2024-01-01 09:38:31,MSFT,299.89,808,299.87,299.91,367,215,trade
2024-01-01 09:38:32,MSFT,299.88,982,299.86,299.9,460,103,trade
2024-01-01 09:38:33,MSFT,299.9,689,299.88,299.92,416,218,trade
2024-01-01 09:38:34,MSFT,299.89,930,299.89,299.9,372,125,trade
2024-01-01 09:38:35,MSFT,299.91,968,299.9,299.91,348,282,trade
2024-01-01 09:38:36,MSFT,299.91,982,299.9,299.91,176,270,trade
2024-01-01 09:38:37,MSFT,299.91,718,299.89,299.92,102,140,trade
2024-01-01 09:38:38,MSFT,299.91,246,299.91,299.92,226,426,trade
2024-01-01 09:38:39,MSFT,299.93,211,299.92,299.94,173,307,trade
2024-01-01 09:38:40,MSFT,299.92,508,299.91,299.92,387,346,trade
2024-01-01 09:38:41,MSFT,299.93,884,299.91,299.96,399,436,trade
2024-01-01 09:38:42,MSFT,299.94,459,299.92,299.95,167,293,trade
2024-01-01 09:38:43,MSFT,299.93,814,299.92,299.95,225,346,trade
2024-01-01 09:38:44,MSFT,299.93,136,299.91,299.96,376,436,trade
2024-01-01 09:38:45,MSFT,299.93,830,299.92,299.94,310,308,trade
2024-01-01 09:38:46,MSFT,299.92,651,299.9,299.94,173,384,trade
2024-01-01 09:38:47,MSFT,299.94,552,299.92,299.95,138,278,trade
2024-01-01 09:38:48,MSFT,299.95,952,299.93,299.98,272,311,trade
2024-01-01 09:38:49,MSFT,299.97,711,299.96,299.98,161,348,trade
2024-01-01 09:38:50,MSFT,299.97,974,299.95,299.98,145,392,trade
2024-01-01 09:38:51,MSFT,299.95,941,299.94,299.96,144,392,trade
2024-01-01 09:38:52,MSFT,299.95,234,299.93,299.98,225,306,trade
2024-01-01 09:38:53,MSFT,299.95,232,299.94,299.96,353,254,trade
2024-01-01 09:38:54,MSFT,299.93,497,299.92,299.94,457,367,trade
2024-01-01 09:38:55,MSFT,299.92,140,299.9,299.94,289,237,trade
2024-01-01 09:38:56,MSFT,299.91,217,299.91,299.92,225,346,trade
2024-01-01 09:38:57,MSFT,299.91,255,299.9,299.92,100,280,trade
2024-01-01 09:38:58,MSFT,299.92,881,299.92,299.93,166,377,trade
2024-01-01 09:38:59,MSFT,299.91,160,299.89,299.93,303,355,trade
2024-01-01 09:39:00,MSFT,299.92,850,299.91,299.93,211,191,trade
2024-01-01 09:39:01,MSFT,299.92,948,299.91,299.94,243,109,trade
2024-01-01 09:39:02,MSFT,299.94,218,299.92,299.95,349,447,trade
2024-01-01 09:39:03,MSFT,299.94,622,299.92,299.97,425,339,trade
2024-01-01 09:39:04,MSFT,299.95,295,299.93,299.96,439,275,trade
2024-01-01 09:39:05,MSFT,299.94,636,299.92,299.96,490,148,trade
2024-01-01 09:39:06,MSFT,299.94,468,299.94,299.95,426,331,trade
2024-01-01 09:39:07,MSFT,299.94,839,299.91,299.96,109,300,trade
2024-01-01 09:39:08,MSFT,299.95,370,299.94,299.96,168,292,trade
2024-01-01 09:39:09,MSFT,299.93,579,299.91,299.95,396,138,trade
2024-01-01 09:39:10,MSFT,299.91,339,299.89,299.94,132,135,trade
2024-01-01 09:39:11,MSFT,299.9,516,299.89,299.91,389,113,trade
2024-01-01 09:39:12,MSFT,299.89,619,299.87,299.92,296,249,trade
2024-01-01 09:39:13,MSFT,299.89,178,299.87,299.91,303,201,trade
2024-01-01 09:39:14,MSFT,299.88,782,299.85,299.9,463,404,trade
2024-01-01 09:39:15,MSFT,299.88,624,299.86,299.89,296,133,trade
2024-01-01 09:39:16,MSFT,299.86,144,299.84,299.88,156,187,trade
2024-01-01 09:39:17,MSFT,299.87,357,299.86,299.87,325,256,trade
2024-01-01 09:39:18,MSFT,299.87,979,299.86,299.88,489,176,trade
2024-01-01 09:39:19,MSFT,299.88,470,299.87,299.89,125,237,trade
2024-01-01 09:39:20,MSFT,299.89,577,299.88,299.89,115,230,trade
2024-01-01 09:39:21,MSFT,299.89,975,299.88,299.9,165,266,trade
2024-01-01 09:39:22,MSFT,299.91,193,299.89,299.92,292,431,trade
2024-01-01 09:39:23,MSFT,299.92,113,299.9,299.94,200,320,trade
2024-01-01 09:39:24,MSFT,299.91,846,299.9,299.93,360,103,trade
2024-01-01 09:39:25,MSFT,299.91,210,299.9,299.92,367,375,trade
2024-01-01 09:39:26,MSFT,299.91,964,299.89,299.92,434,104,trade
2024-01-01 09:39:27,MSFT,299.92,568,299.9,299.93,462,436,trade
2024-01-01 09:39:28,MSFT,299.91,501,299.89,299.93,214,214,trade
2024-01-01 09:39:29,MSFT,299.92,255,299.91,299.92,171,377,trade
2024-01-01 09:39:30,MSFT,299.94,504,299.93,299.95,174,410,trade
2024-01-01 09:39:31,MSFT,299.93,707,299.91,299.95,158,357,trade
2024-01-01 09:39:32,MSFT,299.92,502,299.91,299.93,394,399,trade
2024-01-01 09:39:33,MSFT,299.92,991,299.91,299.94,393,139,trade
2024-01-01 09:39:34,MSFT,299.92,838,299.89,299.94,162,359,trade
2024-01-01 09:39:35,MSFT,299.92,613,299.9,299.95,179,345,trade
2024-01-01 09:39:36,MSFT,299.92,108,299.91,299.93,247,482,trade
2024-01-01 09:39:37,MSFT,299.92,868,299.9,299.94,349,242,trade
2024-01-01 09:39:38,MSFT,299.92,700,299.9,299.94,152,249,trade
2024-01-01 09:39:39,MSFT,299.93,242,299.91,299.94,367,479,trade
2024-01-01 09:39:40,MSFT,299.92,718,299.9,299.94,227,195,trade
2024-01-01 09:39:41,MSFT,299.92,201,299.91,299.93,158,423,trade
2024-01-01 09:39:42,MSFT,299.93,245,299.91,299.94,477,394,trade
2024-01-01 09:39:43,MSFT,299.91,232,299.9,299.92,457,206,trade
2024-01-01 09:39:44,MSFT,299.91,421,299.91,299.92,332,449,trade
2024-01-01 09:39:45,MSFT,299.92,799,299.89,299.94,223,239,trade
2024-01-01 09:39:46,MSFT,299.92,977,299.91,299.93,150,212,trade
2024-01-01 09:39:47,MSFT,299.92,484,299.9,299.93,321,369,trade
2024-01-01 09:39:48,MSFT,299.91,573,299.9,299.93,210,242,trade
2024-01-01 09:39:49,MSFT,299.93,750,299.92,299.93,443,242,trade
2024-01-01 09:39:50,MSFT,299.93,622,299.91,299.96,469,395,trade
2024-01-01 09:39:51,MSFT,299.93,864,299.91,299.94,141,465,trade
2024-01-01 09:39:52,MSFT,299.93,884,299.9,299.95,109,210,trade
2024-01-01 09:39:53,MSFT,299.92,661,299.9,299.95,375,190,trade
2024-01-01 09:39:54,MSFT,299.93,674,299.91,299.94,363,498,trade
2024-01-01 09:39:55,MSFT,299.93,976,299.92,299.94,365,471,trade
2024-01-01 09:39:56,MSFT,299.94,920,299.93,299.95,222,132,trade
2024-01-01 09:39:57,MSFT,299.95,885,299.93,299.97,142,229,trade
2024-01-01 09:39:58,MSFT,299.96,445,299.95,299.96,429,474,trade
2024-01-01 09:39:59,MSFT,299.94,695,299.93,299.95,133,211,trade
2024-01-01 09:40:00,MSFT,299.93,547,299.91,299.95,256,416,trade
2024-01-01 09:40:01,MSFT,299.93,949,299.92,299.94,321,283,trade
2024-01-01 09:40:02,MSFT,299.94,143,299.92,299.96,428,471,trade
2024-01-01 09:40:03,MSFT,299.96,794,299.95,299.97,367,383,trade
2024-01-01 09:40:04,MSFT,299.96,568,299.95,299.97,310,245,trade
2024-01-01 09:40:05,MSFT,299.94,728,299.93,299.95,188,445,trade
2024-01-01 09:40:06,MSFT,299.93,211,299.93,299.94,211,125,trade
2024-01-01 09:40:07,MSFT,299.92,919,299.9,299.93,399,323,trade
2024-01-01 09:40:08,MSFT,299.92,584,299.9,299.94,284,235,trade
2024-01-01 09:40:09,MSFT,299.92,255,299.9,299.93,345,410,trade
2024-01-01 09:40:10,MSFT,299.9,984,299.89,299.92,176,168,trade
2024-01-01 09:40:11,MSFT,299.89,468,299.87,299.91,370,456,trade
2024-01-01 09:40:12,MSFT,299.88,876,299.86,299.9,373,465,trade
2024-01-01 09:40:13,MSFT,299.88,279,299.86,299.9,266,223,trade
2024-01-01 09:40:14,MSFT,299.89,545,299.89,299.9,119,281,trade
2024-01-01 09:40:15,MSFT,299.89,559,299.87,299.92,202,282,trade
2024-01-01 09:40:16,MSFT,299.89,873,299.87,299.91,443,129,trade
2024-01-01 09:40:17,MSFT,299.88,681,299.86,299.9,461,378,trade
2024-01-01 09:40:18,MSFT,299.88,359,299.87,299.9,452,141,trade
2024-01-01 09:40:19,MSFT,299.89,132,299.87,299.9,178,329,trade
2024-01-01 09:40:20,MSFT,299.89,417,299.88,299.9,294,329,trade
2024-01-01 09:40:21,MSFT,299.89,772,299.87,299.92,325,383,trade
2024-01-01 09:40:22,MSFT,299.87,865,299.86,299.87,230,208,trade
2024-01-01 09:40:23,MSFT,299.87,664,299.87,299.88,344,295,trade
2024-01-01 09:40:24,MSFT,299.88,195,299.86,299.89,394,360,trade
2024-01-01 09:40:25,MSFT,299.89,845,299.88,299.91,104,335,trade
2024-01-01 09:40:26,MSFT,299.9,503,299.89,299.9,438,369,trade
2024-01-01 09:40:27,MSFT,299.91,509,299.9,299.92,405,495,trade
2024-01-01 09:40:28,MSFT,299.9,266,299.89,299.92,207,302,trade
2024-01-01 09:40:29,MSFT,299.9,963,299.88,299.92,305,383,trade
2024-01-01 09:40:30,MSFT,299.91,606,299.89,299.93,345,228,trade
2024-01-01 09:40:31,MSFT,299.91,603,299.88,299.93,294,443,trade
2024-01-01 09:40:32,MSFT,299.92,841,299.91,299.93,447,317,trade
2024-01-01 09:40:33,MSFT,299.93,564,299.92,299.94,276,399,trade
2024-01-01 09:40:34,MSFT,299.93,759,299.92,299.93,136,411,trade
2024-01-01 09:40:35,MSFT,299.94,804,299.92,299.95,312,309,trade
2024-01-01 09:40:36,MSFT,299.93,759,299.91,299.96,412,245,trade
2024-01-01 09:40:37,MSFT,299.95,111,299.94,299.96,167,231,trade
2024-01-01 09:40:38,MSFT,299.96,123,299.94,299.97,233,324,trade
2024-01-01 09:40:39,MSFT,299.94,720,299.94,299.95,396,459,trade
2024-01-01 09:40:40,MSFT,299.94,261,299.92,299.96,322,133,trade
2024-01-01 09:40:41,MSFT,299.93,201,299.91,299.94,125,183,trade
2024-01-01 09:40:42,MSFT,299.92,233,299.92,299.93,203,101,trade
2024-01-01 09:40:43,MSFT,299.94,977,299.92,299.96,378,422,trade
2024-01-01 09:40:44,MSFT,299.95,697,299.92,299.97,418,213,trade
2024-01-01 09:40:45,MSFT,299.96,251,299.94,299.98,145,175,trade
2024-01-01 09:40:46,MSFT,299.97,498,299.95,299.99,114,248,trade
2024-01-01 09:40:47,MSFT,299.97,759,299.95,299.99,146,492,trade
2024-01-01 09:40:48,MSFT,299.98,281,299.98,299.99,423,417,trade
2024-01-01 09:40:49,MSFT,299.98,435,299.97,299.98,255,437,trade
2024-01-01 09:40:50,MSFT,299.97,831,299.96,299.99,484,145,trade
2024-01-01 09:40:51,MSFT,299.97,594,299.95,299.98,242,489,trade
2024-01-01 09:40:52,MSFT,299.96,302,299.94,299.99,125,318,trade
2024-01-01 09:40:53,MSFT,299.94,206,299.93,299.95,477,303,trade
2024-01-01 09:40:54,MSFT,299.95,953,299.95,299.96,294,442,trade
2024-01-01 09:40:55,MSFT,299.95,288,299.93,299.97,276,333,trade
2024-01-01 09:40:56,MSFT,299.97,232,299.96,299.98,100,180,trade
2024-01-01 09:40:57,MSFT,299.97,703,299.95,299.99,138,372,trade
2024-01-01 09:40:58,MSFT,299.96,859,299.94,299.97,307,140,trade
2024-01-01 09:40:59,MSFT,299.96,625,299.94,299.99,218,372,trade
2024-01-01 09:41:00,MSFT,299.96,934,299.95,299.97,256,349,trade
2024-01-01 09:41:01,MSFT,299.96,654,299.95,299.97,218,427,trade
2024-01-01 09:41:02,MSFT,299.94,526,299.92,299.96,381,465,trade
2024-01-01 09:41:03,MSFT,299.93,297,299.91,299.96,348,344,trade
2024-01-01 09:41:04,MSFT,299.92,691,299.91,299.93,484,402,trade
2024-01-01 09:41:05,MSFT,299.91,268,299.89,299.93,220,173,trade
2024-01-01 09:41:06,MSFT,299.91,731,299.9,299.92,273,406,trade
2024-01-01 09:41:07,MSFT,299.91,639,299.9,299.92,302,431,trade
2024-01-01 09:41:08,MSFT,299.91,357,299.9,299.92,432,120,trade
2024-01-01 09:41:09,MSFT,299.91,746,299.89,299.93,122,398,trade
2024-01-01 09:41:10,MSFT,299.9,410,299.89,299.91,110,141,trade
2024-01-01 09:41:11,MSFT,299.91,444,299.91,299.92,104,494,trade
2024-01-01 09:41:12,MSFT,299.92,194,299.91,299.92,277,407,trade
2024-01-01 09:41:13,MSFT,299.9,241,299.89,299.91,377,104,trade
2024-01-01 09:41:14,MSFT,299.93,634,299.92,299.94,453,209,trade
2024-01-01 09:41:15,MSFT,299.9,611,299.88,299.91,113,449,trade
2024-01-01 09:41:16,MSFT,299.89,410,299.88,299.91,258,128,trade
2024-01-01 09:41:17,MSFT,299.89,828,299.87,299.91,474,463,trade
2024-01-01 09:41:18,MSFT,299.87,862,299.87,299.88,217,265,trade
2024-01-01 09:41:19,MSFT,299.89,775,299.86,299.91,446,343,trade
2024-01-01 09:41:20,MSFT,299.9,240,299.88,299.91,161,204,trade
2024-01-01 09:41:21,MSFT,299.9,279,299.88,299.92,480,262,trade
2024-01-01 09:41:22,MSFT,299.9,222,299.87,299.92,171,283,trade
2024-01-01 09:41:23,MSFT,299.91,337,299.89,299.93,332,372,trade
2024-01-01 09:41:24,MSFT,299.9,454,299.89,299.91,120,302,trade
2024-01-01 09:41:25,MSFT,299.9,355,299.88,299.92,329,169,trade
2024-01-01 09:41:26,MSFT,299.9,601,299.88,299.91,443,437,trade
2024-01-01 09:41:27,MSFT,299.91,298,299.9,299.92,497,239,trade
2024-01-01 09:41:28,MSFT,299.93,839,299.92,299.94,167,466,trade
2024-01-01 09:41:29,MSFT,299.93,488,299.93,299.94,346,310,trade
2024-01-01 09:41:30,MSFT,299.93,801,299.92,299.95,181,431,trade
2024-01-01 09:41:31,MSFT,299.93,833,299.91,299.95,354,440,trade
2024-01-01 09:41:32,MSFT,299.93,417,299.91,299.96,452,245,trade
2024-01-01 09:41:33,MSFT,299.92,683,299.9,299.95,445,216,trade
2024-01-01 09:41:34,MSFT,299.91,115,299.89,299.93,117,431,trade
2024-01-01 09:41:35,MSFT,299.93,433,299.92,299.94,223,240,trade
2024-01-01 09:41:36,MSFT,299.93,237,299.92,299.94,161,443,trade
2024-01-01 09:41:37,MSFT,299.93,415,299.91,299.95,282,190,trade
2024-01-01 09:41:38,MSFT,299.92,983,299.91,299.93,467,106,trade
2024-01-01 09:41:39,MSFT,299.92,401,299.9,299.94,316,372,trade
2024-01-01 09:41:40,MSFT,299.91,605,299.9,299.92,118,486,trade
2024-01-01 09:41:41,MSFT,299.91,542,299.89,299.93,301,467,trade
2024-01-01 09:41:42,MSFT,299.89,794,299.88,299.91,187,283,trade
2024-01-01 09:41:43,MSFT,299.93,735,299.92,299.94,432,334,trade
2024-01-01 09:41:44,MSFT,299.91,505,299.9,299.92,404,368,trade
2024-01-01 09:41:45,MSFT,299.91,335,299.88,299.93,338,328,trade
2024-01-01 09:41:46,MSFT,299.9,770,299.88,299.92,136,308,trade
2024-01-01 09:41:47,MSFT,299.9,776,299.88,299.92,376,397,trade
2024-01-01 09:41:48,MSFT,299.9,372,299.88,299.92,149,135,trade
2024-01-01 09:41:49,MSFT,299.92,350,299.91,299.93,391,179,trade
2024-01-01 09:41:50,MSFT,299.91,377,299.91,299.92,468,245,trade
2024-01-01 09:41:51,MSFT,299.93,802,299.91,299.95,200,355,trade
2024-01-01 09:41:52,MSFT,299.93,980,299.91,299.94,448,123,trade
2024-01-01 09:41:53,MSFT,299.93,485,299.91,299.95,180,357,trade
2024-01-01 09:41:54,MSFT,299.92,237,299.9,299.94,145,475,trade
2024-01-01 09:41:55,MSFT,299.93,159,299.92,299.95,408,421,trade
2024-01-01 09:41:56,MSFT,299.92,679,299.9,299.94,144,207,trade
2024-01-01 09:41:57,MSFT,299.93,967,299.91,299.95,294,241,trade
2024-01-01 09:41:58,MSFT,299.92,607,299.9,299.94,418,393,trade
2024-01-01 09:41:59,MSFT,299.91,511,299.89,299.93,486,129,trade
2024-01-01 09:42:00,MSFT,299.9,642,299.88,299.93,155,190,trade
2024-01-01 09:42:01,MSFT,299.9,835,299.9,299.91,108,224,trade
2024-01-01 09:42:02,MSFT,299.89,429,299.87,299.9,267,461,trade
2024-01-01 09:42:03,MSFT,299.89,980,299.87,299.91,209,355,trade
2024-01-01 09:42:04,MSFT,299.87,791,299.86,299.88,238,193,trade
2024-01-01 09:42:05,MSFT,299.88,977,299.87,299.89,286,462,trade
2024-01-01 09:42:06,MSFT,299.88,339,299.87,299.9,132,375,trade
2024-01-01 09:42:07,MSFT,299.89,590,299.88,299.9,336,317,trade
2024-01-01 09:42:08,MSFT,299.89,257,299.86,299.91,393,303,trade
2024-01-01 09:42:09,MSFT,299.89,951,299.87,299.9,197,178,trade
2024-01-01 09:42:10,MSFT,299.87,368,299.85,299.89,461,208,trade
2024-01-01 09:42:11,MSFT,299.86,124,299.85,299.88,297,141,trade
2024-01-01 09:42:12,MSFT,299.85,200,299.84,299.86,279,402,trade
2024-01-01 09:42:13,MSFT,299.86,993,299.86,299.87,156,327,trade
2024-01-01 09:42:14,MSFT,299.86,418,299.85,299.87,492,311,trade
2024-01-01 09:42:15,MSFT,299.86,394,299.83,299.88,377,429,trade
2024-01-01 09:42:16,MSFT,299.84,729,299.82,299.86,384,304,trade
2024-01-01 09:42:17,MSFT,299.84,559,299.83,299.85,300,154,trade
2024-01-01 09:42:18,MSFT,299.83,541,299.8,299.85,375,116,trade
2024-01-01 09:42:19,MSFT,299.84,298,299.82,299.87,376,472,trade
2024-01-01 09:42:20,MSFT,299.84,204,299.82,299.86,236,139,trade
2024-01-01 09:42:21,MSFT,299.86,752,299.85,299.87,435,326,trade
2024-01-01 09:42:22,MSFT,299.88,808,299.86,299.89,485,294,trade
2024-01-01 09:42:23,MSFT,299.87,524,299.86,299.88,238,135,trade
2024-01-01 09:42:24,MSFT,299.87,888,299.85,299.9,168,282,trade
2024-01-01 09:42:25,MSFT,299.89,825,299.87,299.91,259,388,trade
2024-01-01 09:42:26,MSFT,299.88,494,299.85,299.9,372,114,trade
2024-01-01 09:42:27,MSFT,299.9,213,299.88,299.93,104,134,trade
2024-01-01 09:42:28,MSFT,299.93,455,299.93,299.94,118,228,trade
2024-01-01 09:42:29,MSFT,299.94,282,299.91,299.96,354,433,trade
2024-01-01 09:42:30,MSFT,299.95,950,299.93,299.96,322,197,trade
2024-01-01 09:42:31,MSFT,299.95,521,299.93,299.97,153,160,trade
2024-01-01 09:42:32,MSFT,299.96,928,299.95,299.97,195,339,trade
2024-01-01 09:42:33,MSFT,299.96,112,299.94,299.97,489,402,trade
2024-01-01 09:42:34,MSFT,299.97,474,299.97,299.98,111,294,trade
2024-01-01 09:42:35,MSFT,299.98,490,299.96,300.0,357,405,trade
2024-01-01 09:42:36,MSFT,299.98,266,299.97,299.98,478,420,trade
2024-01-01 09:42:37,MSFT,299.98,618,299.97,300.0,109,339,trade
2024-01-01 09:42:38,MSFT,299.99,409,299.98,300.0,208,162,trade
2024-01-01 09:42:39,MSFT,299.99,635,299.97,300.01,224,381,trade
2024-01-01 09:42:40,MSFT,299.99,231,299.97,300.0,425,140,trade
2024-01-01 09:42:41,MSFT,300.0,101,299.99,300.01,235,293,trade
2024-01-01 09:42:42,MSFT,299.99,240,299.98,300.0,321,203,trade
2024-01-01 09:42:43,MSFT,300.01,577,300.0,300.02,295,492,trade
2024-01-01 09:42:44,MSFT,300.01,238,300.0,300.03,184,286,trade
2024-01-01 09:42:45,MSFT,300.02,793,300.01,300.03,265,440,trade
2024-01-01 09:42:46,MSFT,300.03,443,300.03,300.04,420,169,trade
2024-01-01 09:42:47,MSFT,300.03,897,300.01,300.05,353,266,trade
2024-01-01 09:42:48,MSFT,300.02,267,300.01,300.03,166,486,trade
2024-01-01 09:42:49,MSFT,300.01,866,300.0,300.03,158,452,trade
2024-01-01 09:42:50,MSFT,300.02,586,300.0,300.03,368,305,trade
2024-01-01 09:42:51,MSFT,300.01,436,299.99,300.04,123,417,trade
2024-01-01 09:42:52,MSFT,300.02,632,300.0,300.04,149,177,trade
2024-01-01 09:42:53,MSFT,300.02,366,300.02,300.03,126,436,trade
2024-01-01 09:42:54,MSFT,300.02,283,300.0,300.05,112,320,trade
2024-01-01 09:42:55,MSFT,300.02,852,300.0,300.03,407,213,trade
2024-01-01 09:42:56,MSFT,300.01,987,299.99,300.03,338,201,trade
2024-01-01 09:42:57,MSFT,300.01,508,300.0,300.02,231,450,trade
2024-01-01 09:42:58,MSFT,300.01,386,300.0,300.02,228,255,trade
2024-01-01 09:42:59,MSFT,300.01,287,299.99,300.03,182,248,trade
2024-01-01 09:43:00,MSFT,300.0,810,299.98,300.02,136,443,trade
2024-01-01 09:43:01,MSFT,300.01,182,300.0,300.01,170,498,trade
2024-01-01 09:43:02,MSFT,299.99,166,299.98,299.99,215,317,trade
2024-01-01 09:43:03,MSFT,299.98,983,299.97,299.99,377,460,trade
2024-01-01 09:43:04,MSFT,299.98,556,299.97,299.99,174,329,trade
2024-01-01 09:43:05,MSFT,299.98,922,299.96,300.0,268,349,trade
2024-01-01 09:43:06,MSFT,299.98,780,299.97,299.99,229,115,trade
2024-01-01 09:43:07,MSFT,299.99,815,299.97,300.02,424,340,trade
2024-01-01 09:43:08,MSFT,300.0,776,299.98,300.02,254,368,trade
2024-01-01 09:43:09,MSFT,299.99,994,299.97,300.01,452,341,trade
2024-01-01 09:43:10,MSFT,300.01,507,300.0,300.02,468,108,trade
2024-01-01 09:43:11,MSFT,300.01,145,300.01,300.02,411,485,trade
2024-01-01 09:43:12,MSFT,300.01,206,299.99,300.03,223,174,trade
2024-01-01 09:43:13,MSFT,299.97,442,299.96,299.99,281,309,trade
2024-01-01 09:43:14,MSFT,299.99,223,299.96,300.01,192,314,trade
2024-01-01 09:43:15,MSFT,299.98,878,299.96,300.01,428,455,trade
2024-01-01 09:43:16,MSFT,299.99,471,299.97,300.01,322,389,trade
2024-01-01 09:43:17,MSFT,300.0,624,299.99,300.01,413,275,trade
2024-01-01 09:43:18,MSFT,300.0,227,299.98,300.02,388,306,trade
2024-01-01 09:43:19,MSFT,299.99,847,299.97,300.01,359,484,trade
2024-01-01 09:43:20,MSFT,299.99,922,299.97,300.01,380,417,trade
2024-01-01 09:43:21,MSFT,300.0,247,299.98,300.01,384,196,trade
2024-01-01 09:43:22,MSFT,300.0,651,299.98,300.02,484,224,trade
2024-01-01 09:43:23,MSFT,300.0,501,299.98,300.02,110,489,trade
2024-01-01 09:43:24,MSFT,300.0,322,299.99,300.01,101,217,trade
2024-01-01 09:43:25,MSFT,300.0,654,299.99,300.01,464,453,trade
2024-01-01 09:43:26,MSFT,300.0,964,299.99,300.01,379,164,trade
2024-01-01 09:43:27,MSFT,299.99,809,299.98,300.0,346,229,trade
2024-01-01 09:43:28,MSFT,299.99,287,299.99,300.0,179,429,trade
2024-01-01 09:43:29,MSFT,299.98,469,299.96,300.01,265,381,trade
2024-01-01 09:43:30,MSFT,299.98,708,299.98,299.99,380,192,trade
2024-01-01 09:43:31,MSFT,299.98,223,299.97,299.98,240,426,trade
2024-01-01 09:43:32,MSFT,299.98,140,299.95,300.0,273,338,trade
2024-01-01 09:43:33,MSFT,299.97,452,299.95,299.99,230,171,trade
2024-01-01 09:43:34,MSFT,299.98,248,299.98,299.99,124,119,trade
2024-01-01 09:43:35,MSFT,299.97,613,299.95,299.98,373,153,trade
2024-01-01 09:43:36,MSFT,299.95,648,299.93,299.97,477,348,trade
2024-01-01 09:43:37,MSFT,299.97,154,299.95,299.98,216,449,trade
2024-01-01 09:43:38,MSFT,299.98,903,299.95,300.0,128,247,trade
2024-01-01 09:43:39,MSFT,299.95,165,299.94,299.96,172,361,trade
2024-01-01 09:43:40,MSFT,299.95,757,299.94,299.96,381,208,trade
2024-01-01 09:43:41,MSFT,299.97,514,299.95,299.98,156,368,trade
2024-01-01 09:43:42,MSFT,299.96,834,299.94,299.99,140,154,trade
2024-01-01 09:43:43,MSFT,299.95,401,299.94,299.96,104,177,trade
2024-01-01 09:43:44,MSFT,299.94,605,299.94,299.95,204,466,trade
2024-01-01 09:43:45,MSFT,299.96,530,299.94,299.98,261,130,trade
2024-01-01 09:43:46,MSFT,299.96,221,299.93,299.98,413,160,trade
2024-01-01 09:43:47,MSFT,299.96,126,299.94,299.97,146,105,trade
2024-01-01 09:43:48,MSFT,299.95,717,299.94,299.97,416,288,trade
2024-01-01 09:43:49,MSFT,299.97,238,299.97,299.98,182,241,trade
2024-01-01 09:43:50,MSFT,299.98,430,299.97,299.99,334,419,trade
2024-01-01 09:43:51,MSFT,299.98,427,299.96,300.0,257,132,trade
2024-01-01 09:43:52,MSFT,299.98,124,299.97,299.99,278,455,trade
2024-01-01 09:43:53,MSFT,299.98,872,299.96,300.0,114,108,trade
2024-01-01 09:43:54,MSFT,299.99,128,299.97,300.01,436,298,trade
2024-01-01 09:43:55,MSFT,300.0,524,299.98,300.01,481,113,trade
2024-01-01 09:43:56,MSFT,300.0,134,299.98,300.02,479,437,trade
2024-01-01 09:43:57,MSFT,300.0,137,299.99,300.01,279,340,trade
2024-01-01 09:43:58,MSFT,300.01,703,299.99,300.02,480,494,trade
2024-01-01 09:43:59,MSFT,300.01,965,299.99,300.03,248,383,trade
2024-01-01 09:44:00,MSFT,300.02,997,300.01,300.04,409,369,trade
2024-01-01 09:44:01,MSFT,300.03,720,300.01,300.05,191,288,trade
2024-01-01 09:44:02,MSFT,300.03,739,300.02,300.05,228,441,trade
2024-01-01 09:44:03,MSFT,300.03,206,300.01,300.05,498,219,trade
2024-01-01 09:44:04,MSFT,300.04,400,300.01,300.06,383,496,trade
2024-01-01 09:44:05,MSFT,300.04,328,300.02,300.06,221,372,trade
2024-01-01 09:44:06,MSFT,300.04,438,300.01,300.06,417,114,trade
2024-01-01 09:44:07,MSFT,300.01,402,300.0,300.03,403,109,trade
2024-01-01 09:44:08,MSFT,300.01,436,300.0,300.03,494,336,trade
2024-01-01 09:44:09,MSFT,300.01,488,300.0,300.02,454,209,trade
2024-01-01 09:44:10,MSFT,300.01,834,300.0,300.01,373,380,trade
2024-01-01 09:44:11,MSFT,300.0,760,299.98,300.01,402,454,trade
2024-01-01 09:44:12,MSFT,300.0,915,299.98,300.01,113,257,trade
2024-01-01 09:44:13,MSFT,299.99,124,299.98,299.99,215,303,trade
2024-01-01 09:44:14,MSFT,299.99,275,299.97,300.0,139,234,trade
2024-01-01 09:44:15,MSFT,299.98,202,299.96,300.0,112,472,trade
2024-01-01 09:44:16,MSFT,299.98,847,299.96,300.0,404,306,trade
2024-01-01 09:44:17,MSFT,299.98,802,299.97,299.99,247,226,trade
2024-01-01 09:44:18,MSFT,299.98,602,299.96,300.01,496,339,trade
2024-01-01 09:44:19,MSFT,299.97,600,299.95,300.0,241,321,trade
2024-01-01 09:44:20,MSFT,299.99,590,299.98,300.0,445,174,trade
2024-01-01 09:44:21,MSFT,299.99,300,299.98,300.0,117,196,trade
2024-01-01 09:44:22,MSFT,299.99,331,299.98,300.0,218,338,trade
2024-01-01 09:44:23,MSFT,300.0,281,299.98,300.03,292,329,trade
2024-01-01 09:44:24,MSFT,300.0,458,299.99,300.01,499,114,trade
2024-01-01 09:44:25,MSFT,300.02,842,300.01,300.03,262,418,trade
2024-01-01 09:44:26,MSFT,300.02,806,300.01,300.03,202,245,trade
2024-01-01 09:44:27,MSFT,300.01,912,299.99,300.04,252,188,trade
2024-01-01 09:44:28,MSFT,299.99,779,299.97,300.02,160,210,trade
2024-01-01 09:44:29,MSFT,300.0,369,299.99,300.01,407,254,trade
2024-01-01 09:44:30,MSFT,299.99,110,299.98,300.0,103,292,trade
2024-01-01 09:44:31,MSFT,299.99,934,299.98,299.99,481,260,trade
2024-01-01 09:44:32,MSFT,299.98,162,299.98,299.99,423,357,trade
2024-01-01 09:44:33,MSFT,299.98,539,299.96,300.01,461,165,trade
2024-01-01 09:44:34,MSFT,299.98,434,299.96,300.01,415,358,trade
2024-01-01 09:44:35,MSFT,299.97,552,299.96,299.99,274,272,trade
2024-01-01 09:44:36,MSFT,299.98,114,299.96,300.0,378,116,trade
2024-01-01 09:44:37,MSFT,299.99,844,299.98,300.0,354,457,trade
2024-01-01 09:44:38,MSFT,299.99,231,299.98,300.01,339,206,trade
2024-01-01 09:44:39,MSFT,300.0,279,299.98,300.01,480,481,trade
2024-01-01 09:44:40,MSFT,300.0,389,299.99,300.01,375,470,trade
2024-01-01 09:44:41,MSFT,300.0,673,299.98,300.02,415,101,trade
2024-01-01 09:44:42,MSFT,300.0,619,299.98,300.02,258,303,trade
2024-01-01 09:44:43,MSFT,299.98,631,299.97,299.99,202,244,trade
2024-01-01 09:44:44,MSFT,299.99,992,299.98,300.0,105,307,trade
2024-01-01 09:44:45,MSFT,299.98,192,299.97,299.98,148,425,trade
2024-01-01 09:44:46,MSFT,299.98,613,299.97,299.99,402,113,trade
2024-01-01 09:44:47,MSFT,299.96,746,299.96,299.97,468,451,trade
2024-01-01 09:44:48,MSFT,299.95,489,299.94,299.96,260,391,trade
2024-01-01 09:44:49,MSFT,299.95,797,299.94,299.96,111,153,trade
2024-01-01 09:44:50,MSFT,299.95,720,299.94,299.96,321,239,trade
2024-01-01 09:44:51,MSFT,299.92,203,299.9,299.94,477,215,trade
2024-01-01 09:44:52,MSFT,299.92,462,299.9,299.95,120,296,trade
2024-01-01 09:44:53,MSFT,299.93,934,299.91,299.95,352,491,trade
2024-01-01 09:44:54,MSFT,299.94,316,299.91,299.96,221,302,trade
2024-01-01 09:44:55,MSFT,299.94,235,299.92,299.95,426,390,trade
2024-01-01 09:44:56,MSFT,299.95,374,299.93,299.96,450,384,trade
2024-01-01 09:44:57,MSFT,299.96,846,299.95,299.96,250,449,trade
2024-01-01 09:44:58,MSFT,299.96,242,299.93,299.98,215,145,trade
2024-01-01 09:44:59,MSFT,299.95,238,299.93,299.97,283,429,trade
2024-01-01 09:45:00,MSFT,299.94,506,299.91,299.96,108,285,trade
2024-01-01 09:45:01,MSFT,299.94,499,299.92,299.97,147,144,trade
2024-01-01 09:45:02,MSFT,299.96,804,299.93,299.98,489,352,trade
2024-01-01 09:45:03,MSFT,299.96,542,299.95,299.97,238,481,trade
2024-01-01 09:45:04,MSFT,299.96,374,299.95,299.97,468,472,trade
2024-01-01 09:45:05,MSFT,299.95,684,299.94,299.97,307,383,trade
2024-01-01 09:45:06,MSFT,299.94,626,299.93,299.96,269,413,trade
2024-01-01 09:45:07,MSFT,299.93,952,299.9,299.95,449,470,trade
2024-01-01 09:45:08,MSFT,299.93,188,299.93,299.94,141,310,trade
2024-01-01 09:45:09,MSFT,299.93,866,299.92,299.94,109,356,trade
2024-01-01 09:45:10,MSFT,299.94,895,299.91,299.96,146,329,trade
2024-01-01 09:45:11,MSFT,299.95,312,299.92,299.97,288,462,trade
2024-01-01 09:45:12,MSFT,299.94,549,299.92,299.96,135,148,trade
2024-01-01 09:45:13,MSFT,299.94,214,299.92,299.96,215,196,trade
2024-01-01 09:45:14,MSFT,299.95,228,299.94,299.95,499,135,trade
2024-01-01 09:45:15,MSFT,299.95,355,299.93,299.97,298,267,trade
2024-01-01 09:45:16,MSFT,299.95,105,299.93,299.97,128,140,trade
2024-01-01 09:45:17,MSFT,299.96,571,299.95,299.97,223,283,trade
2024-01-01 09:45:18,MSFT,299.97,428,299.95,299.98,303,208,trade
2024-01-01 09:45:19,MSFT,299.97,686,299.96,299.99,406,407,trade
2024-01-01 09:45:20,MSFT,299.98,224,299.97,299.99,122,371,trade
2024-01-01 09:45:21,MSFT,299.99,170,299.98,300.01,450,379,trade
2024-01-01 09:45:22,MSFT,300.0,307,299.98,300.02,201,408,trade
2024-01-01 09:45:23,MSFT,299.99,229,299.98,300.01,445,304,trade
2024-01-01 09:45:24,MSFT,299.99,927,299.98,300.01,111,166,trade
2024-01-01 09:45:25,MSFT,299.99,867,299.98,300.01,490,353,trade
2024-01-01 09:45:26,MSFT,300.01,890,299.99,300.03,481,393,trade
2024-01-01 09:45:27,MSFT,299.99,949,299.99,300.0,296,427,trade
2024-01-01 09:45:28,MSFT,299.99,115,299.97,300.01,449,121,trade
2024-01-01 09:45:29,MSFT,299.99,995,299.97,300.01,292,484,trade
2024-01-01 09:45:30,MSFT,299.97,177,299.97,299.98,239,187,trade
2024-01-01 09:45:31,MSFT,299.97,358,299.95,299.99,213,441,trade
2024-01-01 09:45:32,MSFT,299.98,424,299.96,300.0,280,484,trade
2024-01-01 09:45:33,MSFT,299.99,977,299.97,300.01,382,157,trade
2024-01-01 09:45:34,MSFT,299.97,356,299.96,299.99,489,393,trade
2024-01-01 09:45:35,MSFT,299.97,693,299.95,300.0,396,348,trade
2024-01-01 09:45:36,MSFT,299.97,288,299.95,299.98,476,379,trade
2024-01-01 09:45:37,MSFT,299.96,379,299.94,299.98,396,312,trade
2024-01-01 09:45:38,MSFT,299.96,457,299.95,299.97,485,418,trade
2024-01-01 09:45:39,MSFT,299.97,307,299.95,299.98,396,348,trade
2024-01-01 09:45:40,MSFT,299.97,266,299.96,299.98,366,178,trade
2024-01-01 09:45:41,MSFT,299.97,768,299.95,299.99,300,319,trade
2024-01-01 09:45:42,MSFT,299.99,500,299.97,300.01,406,260,trade
2024-01-01 09:45:43,MSFT,299.99,275,299.99,300.0,270,450,trade
2024-01-01 09:45:44,MSFT,300.0,902,299.98,300.01,186,452,trade
2024-01-01 09:45:45,MSFT,299.98,816,299.97,299.99,137,323,trade
2024-01-01 09:45:46,MSFT,299.97,764,299.96,299.98,260,135,trade
2024-01-01 09:45:47,MSFT,299.95,736,299.93,299.96,261,129,trade
2024-01-01 09:45:48,MSFT,299.95,789,299.94,299.96,233,410,trade
2024-01-01 09:45:49,MSFT,299.93,744,299.91,299.95,487,306,trade
2024-01-01 09:45:50,MSFT,299.92,336,299.91,299.93,341,262,trade
2024-01-01 09:45:51,MSFT,299.93,348,299.92,299.94,127,303,trade
2024-01-01 09:45:52,MSFT,299.93,763,299.91,299.95,117,281,trade
2024-01-01 09:45:53,MSFT,299.94,195,299.93,299.95,332,337,trade
2024-01-01 09:45:54,MSFT,299.92,542,299.91,299.94,453,129,trade
2024-01-01 09:45:55,MSFT,299.92,502,299.89,299.94,494,330,trade
2024-01-01 09:45:56,MSFT,299.91,895,299.89,299.93,419,430,trade
2024-01-01 09:45:57,MSFT,299.91,498,299.88,299.93,397,326,trade
2024-01-01 09:45:58,MSFT,299.91,601,299.9,299.92,180,379,trade
2024-01-01 09:45:59,MSFT,299.9,147,299.89,299.92,207,153,trade
2024-01-01 09:46:00,MSFT,299.91,787,299.89,299.94,359,381,trade
2024-01-01 09:46:01,MSFT,299.9,713,299.88,299.92,136,255,trade
2024-01-01 09:46:02,MSFT,299.9,124,299.88,299.92,291,376,trade
2024-01-01 09:46:03,MSFT,299.91,845,299.89,299.93,284,455,trade
2024-01-01 09:46:04,MSFT,299.92,482,299.89,299.94,194,405,trade
2024-01-01 09:46:05,MSFT,299.92,317,299.91,299.93,122,208,trade
2024-01-01 09:46:06,MSFT,299.92,745,299.9,299.93,252,296,trade
2024-01-01 09:46:07,MSFT,299.93,540,299.91,299.95,212,187,trade
2024-01-01 09:46:08,MSFT,299.94,190,299.91,299.96,297,179,trade
2024-01-01 09:46:09,MSFT,299.96,568,299.93,299.98,353,211,trade
2024-01-01 09:46:10,MSFT,299.96,453,299.95,299.97,256,360,trade
2024-01-01 09:46:11,MSFT,299.96,325,299.95,299.97,236,323,trade
2024-01-01 09:46:12,MSFT,299.95,111,299.93,299.98,120,315,trade
2024-01-01 09:46:13,MSFT,299.93,951,299.91,299.95,199,211,trade
2024-01-01 09:46:14,MSFT,299.95,484,299.94,299.97,315,218,trade
2024-01-01 09:46:15,MSFT,299.97,503,299.95,299.99,393,304,trade
2024-01-01 09:46:16,MSFT,299.95,523,299.93,299.96,345,112,trade
2024-01-01 09:46:17,MSFT,299.95,323,299.95,299.96,212,469,trade
2024-01-01 09:46:18,MSFT,299.95,469,299.94,299.97,178,262,trade
2024-01-01 09:46:19,MSFT,299.95,543,299.93,299.96,399,303,trade
2024-01-01 09:46:20,MSFT,299.94,611,299.93,299.95,291,493,trade
2024-01-01 09:46:21,MSFT,299.93,566,299.91,299.95,408,115,trade
2024-01-01 09:46:22,MSFT,299.94,723,299.92,299.95,205,394,trade
2024-01-01 09:46:23,MSFT,299.95,623,299.93,299.97,378,156,trade
2024-01-01 09:46:24,MSFT,299.94,748,299.93,299.95,174,443,trade
2024-01-01 09:46:25,MSFT,299.94,911,299.92,299.96,422,164,trade
2024-01-01 09:46:26,MSFT,299.94,633,299.92,299.96,184,185,trade
2024-01-01 09:46:27,MSFT,299.94,492,299.92,299.95,387,440,trade
2024-01-01 09:46:28,MSFT,299.94,504,299.93,299.95,455,364,trade
2024-01-01 09:46:29,MSFT,299.94,295,299.92,299.96,317,378,trade
2024-01-01 09:46:30,MSFT,299.93,766,299.91,299.95,378,369,trade
2024-01-01 09:46:31,MSFT,299.94,584,299.92,299.95,166,305,trade
2024-01-01 09:46:32,MSFT,299.93,674,299.91,299.94,494,159,trade
2024-01-01 09:46:33,MSFT,299.92,191,299.9,299.93,206,382,trade
2024-01-01 09:46:34,MSFT,299.92,787,299.91,299.94,450,274,trade
2024-01-01 09:46:35,MSFT,299.93,388,299.93,299.94,372,326,trade
2024-01-01 09:46:36,MSFT,299.94,841,299.93,299.95,224,224,trade
2024-01-01 09:46:37,MSFT,299.94,580,299.93,299.95,118,364,trade
2024-01-01 09:46:38,MSFT,299.93,919,299.92,299.95,155,231,trade
2024-01-01 09:46:39,MSFT,299.93,236,299.91,299.95,146,328,trade
